3034 4990
781 343 819 359 ·-
842 311 959 372 298-

314 455 370 540 tlt,
385 460 424 522 ut
439 456 540 540 leges
557 455 594 522 in
610 455 875 522 difficilioribus
908 455 1089 538 adiunctis
1102 455 1381 537 interpretetur,
1400 457 1437 516 et

315 563 361 628 ad
373 563 577 646 peculiares
594 563 781 628 societatis
798 563 917 628 civilis
948 563 1184 628 necessitates
1203 561 1263 626 vel
1280 561 1437 624 circum-

314 669 469 734 stantius
482 669 656 752 applicet;
672 679 747 734 tum
764 669 849 752 quia
866 667 1068 750 hujusmodi
1082 667 1278 732 tolerantia
1290 665 1438 748 legibus

315 775 574 840 ecclesiasticis
591 792 712 858 perse
729 775 913 856 prohibita
928 781 995 856 est,
1011 777 1061 840 uti
1075 775 1189 857 liquet
1207 791 1253 838 ex
1270 772 1437 855 proposi·

314 881 471 946 tionibus
490 900 512 944 a
528 880 590 946 Plo
608 880 660 946 IX
677 881 715 946 in
731 879 879 964 Syllabo
895 880 1073 946 damnatis
1090 881 1151 962 (1).

405 987 480 1050 184.
529 987 700 1052 Jaridice.
716 987 843 1052 Adhuc
858 993 1025 1070 superest
1037 981 1388 1051 Indiiterentismu'm
1402 987 1438 1047 et

314 1091 597 1158 Naturalismum
624 1094 781 1180 juridice
812 1093 1052 1176 perpendere;
1083 1091 1280 1158 videndum
1309 1093 1438 1172 itaque

314 1197 419 1264 modo
437 1203 492 1264 est
505 1203 625 1264 uirum
640 1199 775 1266 Summi
787 1199 1014 1283 Imperantes
1027 1199 1063 1264 in
1087 1198 1214 1264 ordine
1242 1197 1375 1262 sociali
1394 1213 1437 1260 oc

314 1304 393 1369 foro
411 1309 563 1370 externo
574 1322 675 1370 suam
689 1306 956 1388 legislationem
969 1306 1174 1371 catholicae
1190 1304 1361 1387 religioni
1380 1319 1437 1366 ac-

315 1409 545 1474 commodare
562 1409 703 1494 possint
721 1419 757 1476 et
788 1411 957 1494 debeant,
984 1411 1058 1494 vel,
1089 1409 1217 1493 positis
1248 1415 1436 1492 tamquam

315 1514 559 1581 fundamentis
571 1517 757 1600 regiminis
774 1519 911 1600 publici
924 1518 1113 1601 principiis
1133 1514 1436 1581 Indiifereutismi

315 1627 352 1688 et
368 1621 615 1706 Naturalismi,
635 1625 755 1706 potius
773 1625 917 1690 intersit
948 1624 1160 1690 libertatem
1187 1621 1436 1688 conscientiae

315 1731 424 1814 plene
441 1737 622 1814 sumptam
654 1733 795 1798 civibus
819 1732 1035 1814 concedere,
1066 1733 1197 1815 cuique
1225 1731 1435 1815 permitten-

315 1837 360 1902 do
375 1843 414 1901 ut
431 1838 578 1920 cogitet,
597 1839 778 1922 loquatur,
796 1839 934 1904 scribat
951 1845 987 1904 et
1004 1837 1146 1921 odoret,
1165 1842 1274 1920 prout
1309 1835 1436 1902 melius

315 1943 507 2026 placuerit.

405 2049 473 2131 Qui
490 2051 669 2136 principia
687 2054 857 2120 eversiva
889 2054 1017 2120 horum
1034 2057 1275 2136 systematum
1308 2053 1434 2135 guber-

317 2159 454 2223 nationi
470 2155 635 2224 Statuum
663 2165 791 2243 optare
820 2167 1013 2244 conentur,
1031 2163 1214 2245 triplicem
1243 2162 1431 2238 rationem,

316 2267 376 2332 vel
390 2267 559 2348 proprius
571 2267 722 2332 rationis
736 2269 908 2352 speciem,
919 2286 984 2351 pro
998 2287 1062 2334 suo
1076 2286 1202 2336 errore
1215 2265 1432 2334 vindicando

316 2379 497 2453 promunt:
530 2373 581 2436 1.⁰
611 2371 793 2438 detectum
820 2374 953 2456 judicis
987 2375 1227 2458 competentis
1261 2373 1432 2438 facultate

316 2477 472 2560 praediti
482 2479 658 2560 judicium
675 2498 777 2545 suum
795 2481 951 2546 caeteris
967 2481 1189 2565 imponendi;
1225 2481 1313 2546 licet
1343 2479 1431 2544 enim

316 2585 454 2648 veritos
469 2586 506 2648 in
519 2603 558 2650 se
572 2605 643 2651 una
655 2588 702 2651 sit
714 2595 751 2651 et
768 2603 870 2654 error
884 2607 956 2670 qua
970 2589 1054 2654 talis
1069 2590 1206 2656 nullum
1216 2589 1277 2671 Jus
1290 2588 1429 2664 habeat,

317 2710 397 2756 cum
415 2699 536 2758 tamen
553 2695 672 2758 nullus
686 2695 820 2760 existat
832 2697 947 2778 judex
964 2705 1175 2780 competens
1194 2697 1240 2762 ed
1261 2692 1430 2778 eiusmodi
1492 2785 1493 2788 Ἴ

317 2803 566 2882 quaestionem
585 2803 835 2886 dirimendam,
854 2807 1017 2888 practice
1045 2806 1196 2890 expedit
1224 2807 1356 2889 cuique
1383 2819 1431 2866 re·
1492 2789 1493 2852 ἐ

317 2909 482 2989 linquere
498 2909 702 2974 libertatern
717 2909 914 2996 jndicandi,
934 2915 1089 2980 docendi
1105 2920 1142 2978 et
1159 2931 1226 2997 pro
1245 2933 1311 2979 suo
1325 2911 1430 2980 lubitu

318 3017 451 3080 cultum
466 3017 673 3082 exercendi:
688 3017 739 3080 2.⁰
753 3019 911 3084 officium
926 3019 1049 3086 Status
1063 3039 1153 3105 erga
1170 3025 1249 3104 ejus
1262 3021 1428 3096 subditcs;

318 3170 500 3182 ...μ-...-

389 3281 427 3348 ll)
466 3281 509 3334 En
523 3285 619 3334 textus
633 3281 732 3336 herum
744 3287 979 3353 propositionum:

353 3352 501 3407 LXXVII:
576 3353 695 3407 «Aetate
705 3357 758 3407 liar
770 3363 868 3411 nostra
881 3376 939 3414 non
963 3361 1086 3427 emplius
1107 3357 1235 3429 expedit,
1261 3357 1428 3427 Religionem

535 3423 703 3478 catholicam
717 3427 816 3482 haberi
841 3437 987 3498 tamquam
999 3436 1112 3486 unicam
1136 3432 1237 3486 Status
1263 3432 1427 3500 religionem

535 3495 654 3548 caeteris
667 3497 894 3567 quibuscumque
906 3505 1030 3558 cultibus
1043 3505 1194 3557 exclusis.»

354 3565 515 3623 cxxviii:
590 3567 1097 3641 ‹Hiucleudabiliterinquibusdem
1110 3575 1244 3628 catholici
1263 3573 1428 3628 nominisre
1491 3605 1492 3630 3

535 3635 667 3702 gionibus
680 3641 741 3706 lege
754 3647 868 3696 cautum
881 3651 934 3714 est,
948 3653 979 3700 ut
998 3647 1165 3702 hominibus
1178 3647 1246 3700 illue
1256 3639 1427 3712 immigranti·
1491 3637 1492 3698 l

537 3709 685 3833 ξιέἱέἱίοιιι
697 3711 841 3778 publicum
857 3717 962 3786 proprii
987 3721 1127 3787 cujusque
1149 3721 1245 3772 cultus
1272 3717 1425 3772 exercitium

614 3797 626 3831 l'
645 3801 667 3833 ,ι

353 3851 487 3904 LXXIX:
585 3852 752 3907 «Enimvero
765 3856 869 3910 falsum
879 3863 931 3924 est,
943 3860 1056 3914 civilem
1069 3863 1210 3929 cuiusque
1222 3861 1318 3915 cultus
1331 3859 1425 3912 libens·

535 3925 602 3986 tem,
627 3925 751 3989 itemque
776 3929 890 3994 plenam
915 3937 1087 3996 potestatem
1113 3932 1250 3986 omnibus
1276 3931 1426 3986 attributam

537 3993 678 4057 quaslibet
702 3997 851 4062 opiniones
876 4004 1123 4070 cogitationesque
1153 4002 1249 4072 pelam
1273 4004 1426 4072 publiceque

537 4065 749 4129 manifestandi,
761 4072 964 4126 conducereed
977 4077 1148 4141 populorum
1160 4091 1256 4130 mores
1275 4077 1425 4136 animosque
1490 4105 1491 4112 ¹

537 4133 648 4187 facilius
664 4142 884 4206 corrumpendos
897 4158 930 4196 ec
951 4143 1187 4200 indifferentismi
1209 4153 1322 4216 pestem
1345 4153 1426 4214 ιιΓΟΡΙΙΙ
1490 4163 1491 4192 ³

538 4207 671 4270 gandam.
