3034 4990
536 383 713 442 -287-

89 525 211 590 omnino
227 527 287 609 sit3
307 529 363 593 sin
384 545 469 595 vero
488 527 588 592 cives
606 531 728 593 essent
745 527 927 608 catholici,
943 531 980 593 et
1002 529 1184 612 legislatio

87 633 247 716 principia
263 635 446 700 catholica
464 653 536 700 non
553 634 763 726 admitteret
779 640 816 700 et
833 636 1077 719 profiteretur,
1107 638 1186 702 sive

86 740 139 804 hoc
161 741 286 806 vitium
316 742 557 825 legislationis
576 743 706 825 culpae
735 743 861 825 populi
878 743 989 809 tribui
1023 733 1184 827 deberet,

86 848 147 912 sive
162 848 343 914 voluntati
375 850 554 932 Principis
580 849 721 914 crimini
752 850 969 915 vertendum
995 855 1092 915 esset
1120 869 1186 935 pro

86 953 214 1020 diversa
240 957 427 1039 regiminis
443 957 573 1038 forma,
608 962 693 1022 tunc
718 958 874 1022 societas
892 958 1075 1023 desineret
1091 962 1188 1024 esset

86 1061 261 1145 catholica,
295 1063 427 1128 etenim
446 1064 644 1128 deficerent
658 1065 896 1130 rationabiles
914 1083 1059 1148 causac,
1093 1083 1188 1149 quae

84 1167 164 1232 intra
177 1169 351 1252 quosdam
368 1171 502 1238 limites
522 1171 733 1253 permittere
751 1177 901 1254 possunt
917 1172 1003 1255 legi,
1022 1176 1061 1237 ut
1088 1191 1110 1236 a
1134 1190 1187 1237 re-

84 1275 200 1356 ligione
217 1277 400 1342 catholica
418 1278 666 1360 praescindat,
683 1278 885 1360 cujusmodi
898 1283 1020 1343 essent
1033 1295 1188 1361 magnae

13 1463 14 1466 Ἴ
83 1380 634 1463 perturbationestranquillitati
662 1381 830 1463 publicae
862 1382 1091 1446 imminentes
1124 1386 1188 1446 aut

83 1487 286 1566 gravissima
302 1487 413 1570 mala,
444 1505 537 1572 quae
566 1491 666 1553 certo
693 1489 874 1554 orirentur
906 1506 951 1553 ex
978 1489 1189 1554 resistentia

13 1655 14 1662 ,
84 1591 329 1658 dissidentium.

12 1773 14 1796 ¹
161 1699 234 1764 178.
284 1698 418 1766 Omnes
436 1701 646 1783 relationes,
680 1719 769 1785 quas
803 1700 969 1766 Ecclesia
1001 1705 1037 1766 et
1067 1699 1189 1766 Status

83 1804 267 1872 catholicus
286 1809 381 1872 inter
410 1825 449 1871 se
463 1808 642 1872 sustinere
659 1814 807 1892 queunt,
828 1813 928 1872 recte
944 1809 982 1872 in
1009 1809 1190 1892 triplicem

12 1919 14 2014 ξ
83 1911 223 1978 classem
256 1913 429 1997 distingui
456 1921 619 1998 possunt:
655 1917 852 1981 relationes
884 1917 1190 1999 independentiae

12 2015 14 2116 ζ
82 2021 254 2102 absolutae,
271 2021 470 2086 relationes
487 2022 792 2105 independentiae
805 2025 990 2105 relativae,
1010 2027 1119 2106 atque
1134 2041 1189 2088 re-

81 2125 790 2211 lationesindependentiaeaccidentalis.

158 2234 317 2300 Vocatur
329 2236 460 2300 relatio
477 2236 789 2319 independentiae
805 2239 981 2302 absolutae
994 2237 1058 2301 illa
1070 2237 1190 2300 condi-

12 2357 13 2432 ]
82 2339 122 2404 tio
132 2341 288 2422 juridica
305 2347 379 2407 tum
397 2341 599 2424 Ecclesiae,
620 2349 695 2406 turn
713 2342 847 2424 Status,
867 2345 905 2407 vi
923 2345 1024 2426 cujus
1038 2349 1191 2428 utraque

12 2437 14 2486 t
82 2449 236 2531 societas,
269 2448 519 2534 ecclesiastica
539 2457 574 2514 et
592 2451 723 2532 civilis,
743 2450 787 2515 de
805 2469 845 2515 re
869 2451 930 2516 vel
963 2452 1108 2534 negotio
1137 2469 1191 2515 re-

12 2637 13 2640 *
83 2555 258 2635 spectivae
273 2556 518 2637 jurisdictioni
536 2561 765 2639 competente
769 2579 836 2643 per
849 2580 884 2623 se
894 2562 930 2622 et
944 2560 1096 2626 totaliter
1110 2577 1191 2641 cog·

81 2677 233 2744 noscere,
253 2662 460 2746 disponere,
473 2665 602 2745 jubere
620 2671 655 2728 et
671 2665 772 2748 leges
786 2667 883 2730 serre
901 2673 1032 2748 potest,
1056 2666 1193 2748 absque

12 2771 13 2856 ᾗ
81 2769 287 2834 necessitate
305 2770 589 2852 delegationem,
609 2789 825 2836 consensum
842 2779 904 2835 aut
922 2773 1066 2836 veniam
1080 2773 1191 2836 socie·

81 2875 154 2940 tatis
168 2876 305 2941 diversi
323 2877 458 2941 ordinis
476 2879 710 2960 impetrandi.

157 2983 299 3048 Dicitur
316 2983 447 3048 relatio
468 2985 772 3063 independentiae
789 2986 956 3050 relativae
975 2985 1039 3049 illa
1073 2985 1192 3050 condi·

80 3087 122 3152 tio
135 3089 302 3173 juridica,
318 3089 354 3154 in
372 3109 444 3173 qua
461 3090 627 3155 Ecclesia
647 3095 683 3155 et
697 3089 819 3156 Status
837 3091 881 3156 de
895 3109 967 3155 una
992 3092 1193 3174 eademque

80 3210 114 3257 re
128 3195 305 3278 duplicem
321 3201 510 3278 aspectum
540 3197 699 3261 habente
727 3197 788 3261 vel
823 3197 960 3261 duobus
990 3197 1191 3279 elementis,

81 3301 249 3381 spirituali
268 3307 304 3368 ct
318 3304 511 3386 temporali
530 3305 773 3386 coalescente,
788 3310 928 3368 tantum
938 3305 1144 3388 partialiter
1158 3311 1194 3367 et

82 3409 138 3471 sub
154 3418 308 3495 respecta
326 3411 498 3493 propriae
512 3411 791 3494 competentiae,
810 3410 990 3492 ,judicare
1006 3411 1192 3493 praecipe-

81 3530 115 3578 re
127 3521 185 3580 ant
197 3518 301 3599 leges
320 3518 477 3583 condere
495 3519 633 3600 valent,
651 3519 738 3601 quin
764 3518 1012 3598 concessione,
1043 3534 1193 3581 assensu

81 3621 134 3683 vel
150 3624 385 3705 permissione
413 3625 564 3688 alterius
597 3623 786 3688 societatis
819 3623 983 3706 indigeat
1000 3641 1065 3705 pro
1099 3622 1192 3687 ordi-

81 3727 202 3812 nanda,
216 3730 502 3813 praescribenda
515 3731 575 3795 vel
594 3729 835 3795 modificanda
849 3733 954 3814 parte
983 3729 1036 3795 rei
1054 3730 1192 3795 mixtae

81 3849 159 3898 suae
179 3836 423 3917 jurisdictioni
448 3839 646 3918 subiectae.
667 3838 839 3902 Attamen
857 3838 950 3902 haec
981 3836 1125 3917 relatio,
1148 3855 1190 3902 eo

80 3939 150 4020 ipso
163 3945 254 4026 quod
268 3945 314 4008 sit
328 3943 633 4027 independentiae
650 3947 817 4010 relativae
836 3949 871 4008 et
896 3963 967 4008 non
996 3945 1188 4027 absolutae,

83 4051 235 4129 exposcit
252 4069 298 4116 ex
315 4055 419 4134 parte
434 4051 569 4133 Statue,
600 4057 639 4116 ut
670 4052 830 4116 debitam
854 4050 1189 4116 subordinationem

83 4157 342 4224 ecclesiasticae
370 4160 590 4242 legislationi
620 4165 756 4242 servet,
788 4178 868 4224 cum
899 4159 1036 4242 aliquid
1062 4161 1192 4242 jubere

84 4263 137 4326 rel
151 4269 308 4332 statuere
326 4272 493 4332 tencatur
508 4268 607 4332 circa
620 4286 678 4332 res
693 4268 915 4351 temporales
930 4285 1010 4332 cum
1024 4268 1192 4350 spiritua-
