3024 4994
337 530 522 613 regiminis
541 528 781 596 ecclesiastici
798 529 922 595 vocari
936 529 1061 614 nequit
1093 531 1347 612 aristocralico,
1382 538 1447 594 ete-

337 640 408 704 nim
426 639 494 703 hoc
509 637 682 703 Primatui
699 637 846 702 honoris
863 643 900 702 et
910 637 1172 718 jurisdictionis
1205 637 1379 702 divinitus
1403 639 1448 701 in-

337 748 463 811 stituto
484 751 761 829 repugnatque
781 763 871 809 unus
904 745 1084 809 Romanus
1109 745 1278 809 Pontifex
1294 743 1329 810 S.
1360 745 1450 808 Petri

337 854 534 920 Successor
550 855 743 918 universae
760 853 949 917 Ecclesiae
966 859 1125 936 praeest.
1152 851 1220 934 Qui
1251 853 1361 936 igitur
1387 871 1449 916 rue·

336 960 751 1028 rainaristocratiamin
785 959 987 1024 Ecclesiam
1019 959 1205 1042 inducunt,
1239 960 1449 1024 catholicum

338 1069 468 1152 dogma
482 1067 660 1132 Primatus
675 1067 819 1131 omnino
834 1066 1036 1148 destruunt3
1052 1067 1147 1132 unde
1160 1067 1333 1132 Facultas
1346 1067 1449 1130 Theo·

337 1177 457 1258 logica
473 1174 714 1239 Lovanicnsis
732 1174 1015 1258 propositionem
1034 1174 1147 1239 Marci
1165 1174 1313 1239 Antonii
1330 1175 1374 1238 de
1387 1173 1445 1238 Do-

336 1283 454 1364 minis,
470 1283 507 1346 in
525 1299 596 1365 qua
611 1283 811 1346 asserebat:
834 1281 1055 1346 “Ecclesiam
1073 1281 1208 1366 Spiritu
1241 1279 1375 1346 Christi
1403 1283 1449 1344 in·

337 1395 524 1472 structam,
543 1395 579 1454 et
591 1391 628 1454 in
642 1391 794 1472 singulis
808 1391 980 1456 Ecclesiis
1015 1391 1171 1455 voluisse
1195 1390 1447 1470 monarchiam,

337 1504 373 1562 et
386 1499 421 1562 in
437 1515 475 1563 se
494 1503 607 1562 totam
626 1497 908 1580 aristocratiam,
928 1504 965 1562 ut
983 1499 1101 1563 altera
1119 1497 1270 1562 alterius
1298 1497 1387 1562 vitia
1401 1515 1450 1561 co·

337 1607 493 1690 rigeret„
513 1607 574 1689 (1),
595 1605 663 1669 hac
681 1605 899 1687 gravissima
916 1623 1072 1670 censura
1087 1605 1242 1670 notavit:
1262 1606 1450 1690 Proposillo

338 1713 510 1778 haeretica
523 1720 555 1777 et
568 1713 797 1794 schismatico,
816 1721 983 1796 quatenus
997 1714 1122 1778 usserit
1149 1713 1301 1797 reptarea
1324 1714 1451 1778 univer-

336 1821 423 1884 salis
440 1819 616 1885 Ecclesiae
634 1841 705 1884 esse
722 1821 1011 1886 aristocraticum.

429 1927 554 2011 Neque
569 1928 678 1992 etiam
698 1909 877 2011 appellari
894 1931 1015 2010 potest
1032 1929 1141 1994 alecto
1168 1944 1214 1992 ex
1248 1925 1450 1992 monarchia

339 2035 523 2100 Pontificis
537 2039 573 2100 et
587 2033 819 2100 aristocratia
841 2035 1043 2116 Pastorum3
1070 2039 1142 2098 turn
1173 2035 1259 2117 quia
1289 2033 1451 2117 Episcopi

338 2145 556 2226 potestatem
574 2141 707 2207 Summi
726 2143 909 2208 Pontificis
921 2142 1079 2206 limitare
1094 2145 1289 2224 nequeunt,
1306 2141 1369 2205 sed
1382 2147 1450 2204 tan·

338 2257 411 2315 tum
426 2269 467 2314 eo
485 2252 632 2316 voleute
648 2251 683 2314 in
701 2251 855 2315 concilio
881 2257 1103 2330 concurrunt,
1137 2255 1174 2314 et
1202 2254 1309 2314 extra
1341 2249 1449 2314 coori-

338 2359 422 2422 lium
441 2359 621 2445 adjuvante
641 2363 713 2421 tum
729 2358 838 2422 etiam
856 2360 941 2440 quia
957 2359 1074 2422 forma
1087 2357 1238 2439 ejusque
1251 2356 1449 2422 denomina·

338 2467 386 2530 tio
422 2465 643 2530 desumenda
661 2467 932 2552 estasubjeeto,
963 2465 999 2528 in
1030 2483 1099 2548 quo
1129 2464 1264 2530 residet
1296 2467 1450 2548 potestas

339 2590 510 2655 suprema
526 2577 635 2655 atque
649 2571 910 2654 independens;
930 2589 998 2654 age
1008 2573 1097 2654 jam,
1112 2571 1203 2636 haec
1217 2576 1338 2637 totaet
1350 2571 1450 2654 plena

339 2682 376 2744 in
391 2681 467 2745 solo
481 2681 642 2744 Romano
660 2680 834 2744 Pontifice
852 2680 1072 2744 continetur.

426 2787 550 2870 Neque
579 2787 719 2851 demum
735 2788 889 2850 formam
914 2786 1100 2868 regiminis
1115 2785 1357 2850 ecelesiastici
1372 2803 1449 2849 uun-

338 2894 465 2976 ruparl
483 2898 626 2976 oportet
642 2893 899 2959 monarchicam
911 2894 1057 2957 mistam
1073 2909 1136 2956 seu
1154 2899 1376 2977 temperatum
1394 2891 1448 2956 ali-

339 3021 410 3085 qua
451 3003 705 3066 aristocratiae
752 3001 891 3082 specie,
922 2999 1214 3082 quandoquidem
1255 2998 1449 3082 hujusmodi

339 3109 583 3174 denominatio
603 3126 761 3173 errorem
782 3108 932 3190 gignere
946 3111 1008 3172 aut
1021 3107 1269 3172 confusionem
1283 3107 1391 3172 facile
1405 3106 1447 3168 in·

339 3215 471 3280 ducere
490 3221 624 3298 possem
642 3235 738 3297 uam,
759 3214 809 3278 uti
827 3213 1087 3279 animadvertit
1100 3213 1361 3296 praelaudatus
1379 3213 1448 3278 Zal-

340 3325 457 3406 linger
472 3325 532 3405 (2),
546 3323 581 3388 in
600 3323 759 3388 Statihns
774 3322 930 3404 politicis
945 3326 1007 3385 aut
1020 3323 1182 3404 profanis
1196 3326 1447 3405 temperamen-

339 3435 414 3496 tum
433 3431 528 3496 istud
548 3429 839 3495 aristocraticum
858 3429 926 3492 duo
944 3429 1142 3512 importare
1174 3429 1279 3510 solet,
1314 3445 1447 3510 nempe,

339 3540 542 3605 divisionem
577 3543 613 3602 et
644 3537 944 3622 irzdepeadealiom
972 3537 1106 3619 jurium
1139 3536 1265 3600 summi
1302 3534 1447 3618 imperii,

339 3645 433 3728 quod
450 3647 486 3710 in
502 3645 666 3710 Ecclesia
682 3645 798 3708 locum
814 3643 949 3706 habere
962 3643 1098 3725 nequit,
1115 3645 1187 3707 tum
1199 3644 1285 3726 quia
1296 3645 1448 3726 potestas

339 3755 612 3836 Episcoporum,
649 3769 742 3835 quae
779 3751 988 3814 mixtionem
1029 3751 1090 3816 vel
1134 3753 1448 3834 temperamentum

340 3863 630 3926 aristocraticum
653 3859 776 3940 elficit,
796 3877 841 3922 ex
854 3862 985 3922 nature
998 3875 1064 3922 sua
1082 3859 1234 3940 alligata
1246 3862 1301 3922 est
1314 3857 1359 3922 ad
1377 3873 1447 3920 een-

342 3973 437 4034 trum
462 3969 609 4034 unitatis
623 3972 659 4032 et
673 3983 878 4050 supremam
904 3969 1120 4049 potestatem
1151 3965 1287 4030 Vicarii
1312 3961 1445 4039 Christi,

341 4135 549 4146 —.-.--..-.-.

409 4243 447 4310 (1)
483 4243 543 4298 Lib.
557 4245 570 4297 I
583 4247 613 4298 de
625 4243 694 4312 Rep.
710 4243 800 4310 Ecca.¹
815 4259 892 4296 num.
907 4246 949 4299 12.

411 4318 444 4382 (2)
483 4314 535 4370 Jus
546 4316 618 4371 Eccl.
635 4315 715 4369 l'uhl.
730 4318 754 4384 ἓ.
769 4320 828 4370 362.
