3030 4990
522 413 698 474 -125-

75 566 175 624 cantra
184 566 373 644 praecepta
388 561 456 626 Dei
465 561 610 647 [iterant
627 569 834 643 constructa,
861 563 1100 630 destruendo...
1130 565 1174 630 si-

74 669 258 734 cutseraivit
276 670 354 734 Rea
365 669 605 736 Ninivitarum
617 671 815 736 universam
834 671 1006 736 ciuitatem
1021 673 1068 737 ad
1094 673 1174 757 pla·

73 776 201 840 caudam
213 776 401 842 Dominum
414 778 682 861 compellendo...
697 779 786 844 sicut
797 779 940 844 servivit
950 778 1174 845 Nabuchodo-

72 903 159 948 nosor
172 904 284 949 omues
301 885 338 948 in
356 905 459 970 repud
476 904 538 950 suo
547 886 714 970 positosa
729 885 997 971 blasphemando
1016 886 1088 950 Deo
1105 886 1176 972 lepe

72 991 202 1056 terribili
211 991 428 1075 prohibenda
446 991 507 1072 (1).

145 1101 173 1178 c)
218 1097 252 1164 S.
273 1097 472 1181 Gregorius
488 1099 641 1182 Magnos
662 1099 708 1164 ad
739 1099 949 1166 Mauritium
977 1102 1171 1185 Imperato-

70 1223 134 1270 rem
147 1207 278 1288 ajebat:
294 1205 352 1273 Ad
367 1208 428 1275 troc
439 1215 597 1293 potestas
609 1229 713 1294 super
741 1231 856 1276 amnes
880 1209 1032 1276 homiues
1056 1211 1174 1277 Domi·

70 1333 176 1378 aarum
189 1321 387 1380 nostrarum
396 1315 525 1400 pietati
542 1316 683 1382 coelitus
701 1317 785 1382 data
803 1325 863 1400 est,
879 1325 925 1400 ut,
944 1319 1002 1402 qui
1015 1319 1102 1384 baua
1116 1339 1175 1402 ap·

66 1427 181 1504 petunt,
198 1423 423 1508 adjurantur3
442 1431 479 1488 ut
496 1425 667 1490 caelorum
683 1425 741 1489 aia
758 1425 892 1510 larpius
902 1433 1040 1510 pateat·
1058 1433 1095 1490 ut
1112 1433 1176 1491 tar-

70 1535 163 1593 restre
178 1549 319 1615 capuam
336 1531 472 1596 caelesti
485 1551 587 1617 repuo
601 1532 816 1618 famuletur(
842 1535 866 1612 ).

145 1636 178 1714 d)
225 1636 392 1719 Denique
410 1639 578 1720 egregius
596 1638 733 1704 Doctor
750 1639 976 1722 Hispalensis
994 1640 1039 1705 D.
1065 1639 1175 1704 Isido-

71 1761 121 1807 rus
133 1743 262 1810 diserte
276 1744 395 1809 docet:
410 1745 593 1832 Principes
605 1748 735 1812 saeculi
748 1767 992 1832 nonuunquam
1004 1749 1100 1813 intra
1111 1747 1177 1814 Ec·

70 1851 389 1936 clesiampoiestatia
408 1853 553 1937 adeptae
567 1854 720 1920 culmina
737 1861 858 1934 teuent,
877 1861 914 1919 ut
933 1874 1002 1938 per
1025 1855 1177 1920 eamdem

66 1965 256 2041 potestatem
272 1960 498 2046 disciplinam
516 1962 783 2026 ecclesiasticam
813 1963 983 2027 muniant.
1024 1960 1177 2028 Ceterum

69 2065 152 2132 iutra
168 2065 360 2134 Ecclesiam
368 2073 558 2152 potestates
571 2068 727 2151 (civiles)
746 2051 1041 2155 necessariaeflnou
1053 2075 1175 2151 essent,

70 2176 139 2256 uiri,
151 2183 185 2240 ut
201 2177 291 2260 qaod
316 2197 384 2242 uon
396 2177 578 2262 praevalet
593 2177 904 2264 sacerdosasficere
917 2197 983 2261 per
999 2177 1178 2242 doctrinae

69 2301 254 2363 sermonem,
264 2289 420 2367 potestas
433 2282 493 2348 troc
508 2283 652 2368 impleat
661 2304 726 2368 per
738 2285 945 2370 disciplinae
969 2291 1176 2350 terrorem...

72 2385 268 2474 Gopnascaut
284 2391 468 2475 Principes
486 2390 617 2456 saeculi
633 2392 707 2457 Deo
726 2393 843 2458 elabere
857 2413 892 2458 se
916 2394 1086 2459 rationem
1097 2393 1176 2457 recl·

69 2495 140 2561 dere
149 2505 293 2582 propter
321 2496 525 2580 Ecclesiam,
542 2519 645 2582 paam
669 2520 690 2563 a
720 2497 855 2566 leristo
883 2501 1045 2565 tuendam
1071 2501 1176 2566 susci-

66 2605 158 2688 piunt
174 2605 233 2687 (3).

146 2711 196 2777 2.⁰
243 2711 372 2794 Quoad
388 2713 659 2778 ecclesiasticas
688 2713 915 2779 definitiones
947 2732 1054 2778 unum
1089 2732 1178 2797 pree

71 2819 141 2885 aliis
159 2820 372 2886 testimoniis
390 2821 478 2885 satis
496 2821 543 2886 sit
560 2822 736 2904 allegare:
755 2821 839 2886 Pius
857 2821 908 2886 IX
926 2822 963 2885 in
980 2820 1178 2904 Encyclioa

73 2924 196 3000 Quanta
213 2948 298 2993 cura
316 2925 506 2993 damnavit
522 2930 707 3012 tamquam
721 2929 856 2994 Sacrae
874 2927 1096 3012 Scripturas,
1113 2929 1177 2994 Eo·

71 3033 193 3098 etesiae
209 3039 246 3099 et
262 3032 478 3100 Sanctorum
497 3034 645 3100 Patrum
662 3034 851 3100 doctrinae
865 3036 1086 3101 contrariam
1100 3054 1178 3102 son·

71 3143 209 3208 tentiam
226 3160 352 3208 corum
370 3144 431 3227 qui
448 3146 629 3208 asserunt:
651 3145 824 3229 Optimam
853 3165 924 3210 esse
951 3145 1179 3211 conditionem

71 3252 244 3333 sacietatis,
259 3251 297 3316 in
314 3271 381 3334 qua
397 3251 549 3335 Imperia
562 3273 629 3317 non
646 3253 842 3337 apnoscitur
858 3254 1009 3340 officium
1027 3274 1178 3318 coercen-

72 3355 252 3424 disancitis
262 3358 388 3442 paenis
400 3359 587 3424 violatores
603 3359 790 3424 catholicae
803 3359 994 3446 relipiouia,
1014 3361 1083 3425 uisi
1096 3381 1177 3443 qua·

72 3471 157 3532 tenus
163 3486 242 3550 pua
248 3465 394 3550 publica
400 3467 563 3550 postulet.

148 3576 199 3640 3.⁰
246 3574 400 3639 Domum
416 3575 559 3640 ratione
578 3575 785 3660 theologica
802 3578 954 3661 veritas,
974 3595 1081 3662 quam
1098 3594 1178 3658 pro·

73 3697 275 3765 pugnamus,
295 3679 405 3747 etiam
423 3684 693 3767 comprobatum
713 3683 894 3768 duplicem
926 3685 1179 3768 probationem

73 3805 110 3853 ex
125 3789 191 3856 hoc
206 3791 309 3855 fonte
325 3793 505 3874 sumptam
523 3791 559 3854 in
576 3790 733 3856 medium
768 3793 978 3874 afferemus,
1011 3793 1177 3875 primam,

73 3983 244 3994 ⁵·--————

133 4129 168 4192 (l)
204 4131 296 4195 Epit.
311 4129 370 4183 185.
384 4128 456 4184 aliae
468 4133 511 4184 50.

133 4201 170 4268 (2)
207 4201 271 4255 Lib.
288 4201 313 4256 2.
324 4201 474 4269 Epist.XI.

133 4275 171 4336 a)
208 4272 271 4326 Lib.
284 4277 308 4326 s.
320 4288 371 4326 sou
383 4271 415 4326 de
430 4273 542 4326 Surnma
556 4271 643 4340 Boreo,
655 4289 716 4340 cap.
727 4275 770 4327 55.
783 4275 959 4328 Haeovorba
971 4277 1001 4329 in
1026 4275 1180 4330 Decretum

78 4337 192 4397 Gratiani
206 4345 295 4399 relata
307 4350 375 4399 sttnt
388 4360 448 4400 can.
462 4343 605 4414 Principes
618 4349 660 4412 20,
674 4361 749 4400 caus.
765 4349 807 4416 23,
820 4363 846 4414 q.
862 4347 887 4400 5.
