3024 4994
804 401 982 462 434·-

332 549 406 610 turn
448 543 779 629 independentium,
827 547 891 612 sed
934 544 1041 610 Petro
1070 543 1310 629 subordinati,
1341 563 1433 630 quem

332 669 534 734 agnoscere
548 652 766 717 tenebantur
780 657 818 717 ut
835 651 953 736 Caput
970 669 1072 718 suum
1100 657 1137 718 et
1155 651 1393 718 Ecclesiarum
1416 673 1434 718 a

332 776 371 822 se
399 757 643 839 fundatarum
664 761 689 838 0)
704 759 1027 842 obstringebantur
1055 777 1206 826 servare
1224 759 1323 842 leges
1352 761 1434 824 latas

332 865 393 930 vel
420 870 620 948 praecepta
637 883 658 928 a
675 865 714 930 B.
743 864 850 930 Petro
877 870 915 930 ut
945 864 1104 930 Primate
1136 865 1310 946 inJuncta3
1328 862 1353 946 ⁶)
1382 884 1433 948 ps·

332 988 414 1036 rere
431 971 656 1055 cogebantur
688 971 930 1055 abrogationi,
966 972 1192 1056 derogationi
1210 972 1270 1038 vel
1286 973 1434 1036 immuta-

332 1079 422 1144 tioni
437 1095 583 1142 suarum
601 1075 868 1144 ordinationum
886 1097 908 1144 a
924 1077 1093 1162 Principe
1111 1079 1363 1162 Apostolorum
1391 1078 1435 1142 la·

333 1189 426 1265 ctae,
445 1183 530 1267 quia
546 1183 674 1249 Petrus
702 1185 801 1268 leges
818 1185 978 1270 ipsorum
993 1202 1172 1250 revocare
1188 1185 1250 1251 vel
1269 1185 1435 1250 infirmare

334 1289 497 1356 valebat.

421 1397 574 1480 Propter
590 1398 797 1480 missionem,
817 1415 925 1482 quam
940 1417 962 1462 a
985 1397 1120 1464 Divino
1138 1397 1332 1466 salvatore
1346 1416 1434 1463 acce·

333 1508 474 1588 perunt,
492 1503 644 1568 docendi
658 1523 782 1570 omnes
795 1509 923 1588 gentes
936 1508 972 1571 et
983 1506 1226 1572 constituendi
1237 1505 1433 1586 Ecclesiam,

334 1616 372 1677 ut
391 1610 557 1675 doctrina
574 1608 709 1676 Christi
736 1611 773 1676 in
802 1615 877 1677 toto
896 1613 983 1677 orbe
1001 1613 1246 1696 profiteretur,
1282 1617 1318 1678 et
1347 1613 1436 1676 tieret

334 1735 443 1782 tinum
458 1715 563 1784 Ovile
577 1721 613 1782 et
626 1735 716 1782 unus
733 1717 874 1800 Pastor,
894 1719 1073 1801 Apostoli,
1092 1724 1240 1803 praeter
1273 1719 1436 1802 triplicem

333 1829 550 1908 potestatem
565 1823 825 1908 supradictam,
844 1826 955 1891 etiam
972 1826 1129 1909 praediti
1145 1827 1292 1892 fuerunt
1318 1823 1437 1907 duplici

333 1931 552 1997 charismate
568 1932 762 2015 personali,
792 1949 933 2016 nempe,
951 1933 1205 2018 infallibilitate
1223 1934 1260 2000 in
1289 1931 1434 1999 docendo

334 2045 443 2122 atque
457 2039 624 2105 claritate
638 2039 674 2103 in
690 2039 861 2122 regenda
872 2057 977 2105 secus
987 2041 1082 2107 enim
1096 2041 1177 2108 loco
1192 2040 1354 2123 docendi,
1365 2057 1435 2104 con·

334 2146 506 2212 stitnendi
522 2149 558 2210 et
576 2145 721 2211 uniendi
735 2146 938 2228 potuissent
958 2153 1184 2230 pervertere,
1201 2148 1384 2213 destruere
1399 2163 1436 2208 ac

335 2255 549 2320 dissolvere.

423 2361 575 2428 Demum
591 2362 731 2427 ratione
752 2363 950 2444 testimonii,
970 2361 1016 2426 ad
1033 2380 1134 2427 suam
1168 2361 1327 2428 divinam
1343 2363 1438 2443 atque

334 2469 579 2534 immediatam
597 2469 805 2535 missionem
823 2468 1145 2553 comprobandam,
1165 2485 1308 2553 unaque
1325 2481 1438 2532 munus

335 2575 510 2642 fundandi
527 2575 729 2640 Ecclesiam
744 2577 812 2641 rite
838 2576 1052 2659 obeundum,
1070 2574 1245 2642 Dominus
1271 2571 1438 2659 Apostolis

335 2682 487 2747 contulit
504 2682 599 2747 dona
616 2681 908 2748 extraordinaria
939 2684 1198 2765 miraculorum,
1233 2679 1438 2749 revelationis

335 2795 372 2854 et
388 2789 642 2874 inspirationis.

426 2895 668 2982 Collepialiter:
685 2895 813 2977 Quoad
843 2897 1077 2962 autoritatem
1109 2897 1325 2984 coltepiatam
1356 2895 1438 2978 Apo·

335 3004 522 3086 stolorum,
539 3003 600 3068 isti
617 3005 810 3070 collective
829 3023 893 3069 seu
911 3003 1154 3087 collegialiter
1183 3005 1337 3087 spectati
1352 3004 1438 3084 leges

336 3111 432 3174 ferre
446 3114 614 3192 poterant
631 3130 696 3194 pro
716 3112 890 3177 universa
909 3111 1087 3194 Ecclesia,
1107 3111 1171 3177 sed
1189 3113 1255 3177 sub
1287 3109 1439 3192 Principe

336 3215 456 3298 Petro,
476 3217 537 3300 qui
553 3219 661 3283 totius
688 3217 841 3301 Collegit
873 3218 1074 3302 Apostolici
1091 3217 1247 3284 Praeses
1275 3225 1311 3284 et
1326 3217 1439 3283 Pastor

337 3325 552 3391 constitutus
571 3326 702 3391 luerat.

427 3431 501 3496 143.
551 3431 847 3498 Desuccessione
865 3432 1121 3517 Apostolorum
1138 3432 1331 3516 sequentia
1354 3432 1438 3496 certo

336 3538 494 3603 tenenda
510 3543 605 3620 sunt3
625 3539 660 3602 in
677 3543 859 3621 potestate
889 3540 1102 3606 sacerdotali
1135 3539 1323 3622 Apostolis
1351 3535 1438 3602 Pres-

335 3644 456 3727 byteri
498 3645 709 3726 succedunt;
739 3647 776 3711 in
800 3649 981 3730 potestate
1010 3651 1131 3712 autem
1163 3645 1353 3732 episcopali
1386 3657 1439 3706 seu

336 3753 521 3818 ordinaria
538 3751 709 3836 Episcopi
722 3759 805 3818 sunt
828 3753 909 3820 veri
926 3753 1182 3835 Apostolorum
1212 3765 1437 3828 successores,

338 3860 401 3923 sed
419 3877 499 3924 cum
527 3859 737 3925 differentia
753 3861 790 3924 in
806 3861 909 3927 modo
929 3879 1010 3924 eam
1038 3860 1265 3944 adquirendi:
1292 3853 1439 3943 Apostoli

338 3966 432 4030 enim
450 3983 496 4030 ex
512 3983 601 4050 sese,
627 3967 747 4050 idest,
782 3967 1001 4032 auctoritate
1025 3966 1234 4032 immediate
1248 3970 1395 4050 accepta
1421 3979 1439 4024 a

339 4069 494 4154 Christo,
513 4091 551 4138 re
575 4074 838 4156 praeficiebant
864 4073 1049 4157 Ecclesiis,
1080 4092 1170 4158 quas
1195 4075 1437 4148 fundaverant,

339 4182 401 4241 aut
442 4179 653 4262 visitabant3
688 4180 771 4246 dum
804 4199 824 4246 e
857 4185 985 4246 contra
1015 4180 1187 4266 Episcopi
1218 4183 1326 4266 primi
1352 4193 1439 4264 prac-

338 4284 426 4350 fecti
437 4289 521 4350 sunt
537 4286 583 4350 ab
600 4287 797 4372 Apostolis,
817 4294 854 4354 et
868 4291 1062 4372 sequentes
1076 4306 1097 4352 a
1111 4285 1256 4356 Summo
1268 4289 1436 4356 Pontiflca
