3030 4990
763 383 939 442 -172-

291 528 487 594 licultatem
517 545 617 592 reum
650 525 855 610 detegendi
890 529 1067 614 aaalopae,
1091 528 1251 594 ferentes
1283 545 1422 612 nempe
1510 535 1511 586 1

291 635 534 718 privationem
560 633 645 698 boni
673 635 786 717 ipsius
815 653 885 718 quo
904 634 1055 699 abusum
1072 633 1152 718 luia
1170 635 1299 718 regula
1316 635 1421 700 enim

291 742 327 806 in
344 740 379 806 S.
399 739 587 824 Scriptura
604 740 738 806 tradita
749 761 817 826 per
833 762 919 826 quae
937 741 1013 826 quir
1025 743 1232 826 peccaverit,
1244 762 1313 828 per
1327 742 1420 807 baec

290 855 321 914 el
329 850 497 934 punietur
512 848 654 912 servari
668 847 786 931 debet,
802 849 839 912 in
856 854 1031 931 quantum
1045 847 1122 912 lieri
1141 851 1272 930 potest,
1289 848 1336 914 ab
1349 847 1419 913 hu·

290 973 398 1020 mana
422 955 576 1037 justitia,
596 961 635 1019 ut
650 956 701 1019 ita
719 951 772 1019 illi
790 955 851 1038 qul
867 955 985 1038 legem
1004 954 1235 1020 olienderunt
1252 971 1300 1020 ex
1315 955 1419 1020 inor·

290 1063 412 1127 dinato
441 1079 564 1126 amore
581 1061 734 1143 alicujus
764 1063 861 1144 boni,
881 1079 946 1146 per
970 1079 1124 1146 poenam
1153 1068 1216 1126 aut
1234 1062 1414 1144 privatio·
1511 1051 1512 1110 ἴ

289 1185 372 1232 nem
397 1167 557 1249 ejusdem
586 1167 722 1233 ordinis
742 1169 855 1251 magis
885 1173 1104 1250 terreantur,
1123 1169 1302 1251 simulque
1323 1169 1419 1234 urdo
1511 1153 1512 1156 ¹

290 1275 487 1358 perfectius
515 1274 562 1338 ad
589 1274 851 1358 aequalitatem
882 1281 1118 1340 restauretur.
1146 1275 1240 1340 Hinc
1270 1280 1422 1359 oportet

290 1383 414 1466 plagia
432 1383 490 1446 vel
509 1382 761 1465 captivitatem
780 1400 942 1464 carcere,
961 1383 1059 1448 furta
1089 1383 1226 1448 mulcta
1243 1383 1421 1465 pecunia-

289 1489 356 1572 ria,
376 1490 577 1554 calumnias
595 1491 758 1567 infamia,
773 1490 968 1556 homicidia
982 1490 1103 1572 capite
1119 1490 1252 1573 puniri.

377 1599 571 1682 Propertio.
619 1597 740 1662 Poena
757 1597 912 1679 demum,
932 1603 1099 1681 spectata
1113 1599 1190 1680 ejus
1210 1599 1419 1681 proportio·

288 1723 347 1785 ne,
363 1704 570 1788 adaequata
584 1722 664 1769 esse
678 1704 787 1769 debet
800 1705 929 1786 majori
944 1704 1004 1770 vel
1018 1705 1146 1769 minori
1154 1705 1421 1790 perturbationi
1512 1751 1513 1788 3

290 1811 425 1876 ordinis
443 1811 602 1894 socialis,
623 1813 810 1896 quantitati
827 1812 949 1877 damni
966 1811 1059 1876 illati
1077 1812 1136 1876 vel
1153 1813 1240 1876 boni
1260 1812 1419 1895 obtenti,
1512 1803 1513 1806 ’

286 1919 455 2004 facilitati
482 1919 720 2001 impunitatis,
747 1920 965 2004 sr·equeatiae
990 1918 1206 1985 delictorum
1234 1925 1271 1983 et
1299 1920 1423 1986 oar-iic

290 2035 503 2108 temporum,
523 2026 684 2100 locorum
703 2033 739 2090 et
752 2043 990 2110 personarum
1008 2027 1195 2113 adjunctis.

688 2345 950 2411 ARTIOULUS
969 2346 1011 2410 V.

743 2573 981 2626 somniantum.

291 2773 350 2829 100.
372 2771 512 2828 Probatur
525 2773 698 2830 Poteststem
712 2775 857 2830 Ecclesiae
870 2790 934 2828 esse
947 2775 1135 2842 adaequatam
1150 2777 1182 2828 et
1193 2775 1368 2832 completam
1381 2791 1420 2828 ex

361 2847 423 2912 ipsa
436 2862 488 2899 sua
501 2847 709 2902 natura-101.
729 2846 902 2900 Ostendetur
911 2847 1010 2900 eadem
1022 2849 1128 2900 veritas
1138 2861 1175 2898 ex
1189 2845 1313 2913 positiva
1340 2846 1421 2898 Chri·

360 2921 397 2971 aii
412 2921 662 2972 volontate-102.
689 2919 824 2972 Rationes
846 2935 882 2972 ex
906 2921 969 2986 jure
994 2918 1421 2986 divino-positivo,apostolico,

361 2991 552 3044 ecclesiastico
566 2995 651 3058 atque
664 2991 741 3044 civili
763 2991 931 3058 desumptae
945 3005 996 3058 pro
1009 2989 1116 3044 tuenda
1132 2993 1273 3056 potestate
1298 2985 1421 3058 legifera

361 3063 610 3115 Ecclesiae-403.
632 3063 766 3115 Doctrina
780 3061 897 3130 ilhristi,
908 3063 1006 3129 praxis
1020 3061 1230 3129 Apostolorum,
1244 3075 1350 3113 sensus
1371 3077 1420 3114 an-

253 3127 260 3146 ‘
360 3133 501 3198 tiquitatis
514 3138 543 3186 et
557 3134 717 3201 Principum
731 3136 895 3187 testimonia
911 3133 984 3186 circs
991 3131 1154 3200 judicialem
1168 3131 1314 3184 Ecclesiae
1342 3139 1419 3200 pote·

361 3207 570 3258 statem-104.
593 3205 731 3258 blirabilis
745 3205 917 3272 conspiratio
926 3203 1039 3258 Codicis
1050 3205 1222 3272 Evangelia,
1239 3203 1420 3258 auctoritatis

361 3277 550 3343 Apostolicae,
569 3277 741 3330 Traditionls
754 3277 927 3329 christianae
948 3285 1034 3343 atque
1062 3277 1154 3329 ciuilis
1177 3274 1366 3342 legislationis
1389 3278 1420 3328 in

362 3347 533 3401 stabilienda
546 3353 687 3415 potestate
701 3350 845 3402 Ecclesiae
859 3349 1085 3402 mastica-105.
1107 3346 1298 3415 obiectiones.

381 3539 455 3604 100.
505 3539 700 3604 Praefinito
719 3539 755 3604 in
774 3537 1077 3622 praecedentibus
1095 3537 1258 3602 articulis
1286 3535 1416 3618 juridi-

290 3665 332 3713 co
347 3651 526 3729 conceptu
543 3647 734 3729 potestatis
752 3646 980 3728 adaequatae
1007 3650 1044 3710 et
1076 3645 1291 3727 completae,
1320 3662 1419 3727 quae

290 3757 457 3822 societati
475 3757 662 3838 perfectae
677 3755 796 3820 inesse
810 3754 929 3836 debet,
948 3759 985 3818 ut
998 3753 1234 3837 praeambulo
1247 3769 1417 3818 neccssa-

290 3864 344 3928 rio
362 3863 687 3947 atquefirmissimo
706 3863 941 3928 fundamento
974 3877 1210 3944 eorumquae
1237 3859 1282 3925 de
1310 3859 1417 3925 Pote-

291 3976 384 4037 state
398 3971 656 4036 Ecclesiastica
670 3970 920 4053 agendasunt,
935 3971 1119 4053 pergimus
1131 3968 1235 4033 modo
1251 3967 1418 4050 adplene

292 4077 610 4144 demonstrandum
629 4079 849 4144 Potestatcm
866 4078 1053 4144 Ecclesiae
1067 4096 1139 4143 non
1153 4077 1269 4142 solum
1294 4095 1417 4160 rupre-

291 4209 379 4253 mam
399 4203 479 4252 esee
492 4186 529 4250 in
542 4204 605 4250 sno
621 4185 748 4251 ordine
765 4187 908 4252 ratione
922 4186 1068 4252 divinae
1082 4203 1171 4250 suae
1184 4183 1413 4268 independen-

291 4297 372 4378 tlae‚
392 4295 442 4360 uti
456 4293 610 4359 articulo
627 4293 662 4358 II
679 4293 913 4376 ostendimus,
935 4310 1061 4358 verum
1095 4293 1205 4358 etiam
1235 4291 1416 4373 ejusmodi
1511 4285 1512 4288 ’
