3030 4990
566 434 720 493 -83-

101 577 306 642 constituunt
318 595 387 642 nec
402 577 576 643 evincunt
588 579 660 660 jue,
676 578 772 662 quod
789 579 933 662 quidem
950 580 1020 663 ipsi
1053 581 1200 664 Episco-

100 686 130 767 pi
145 688 379 765 agnoverunt,
397 685 531 749 namin
549 683 710 750 Concilio
728 684 777 750 VI
795 685 1005 769 Parisiensi,
1024 707 1119 774 anno
1132 689 1199 754 829

100 790 344 856 subLudovico
361 791 424 855 Pio
439 789 560 856 Caroli
577 791 700 875 Magni
712 792 804 856 Filio
821 793 959 876 habito,
974 795 1068 860 hanc
1082 798 1200 860 extra-

100 899 334 964 limitationem
359 899 613 982 corrigendam
642 903 828 982 curarunt,
847 901 1046 984 legitimam
1065 903 1202 969 Princi-

100 1025 169 1089 pum
185 1007 220 1070 iu
237 1006 346 1071 rebus
364 1006 623 1072 ecclesiasticis
639 1008 945 1073 interventionem
970 1010 1136 1075 finientes
1168 1016 1205 1075 et

99 1133 153 1197 pro
169 1132 232 1178 sua
248 1115 431 1178 sententia
443 1114 669 1178 notissimam
686 1113 721 1179 S.
740 1113 871 1180 Isidori
894 1115 1121 1198 Hispalensis
1149 1134 1202 1182 re·

99 1222 206 1304 gulam
233 1221 447 1285 afferentes:
476 1221 577 1287 Intra
609 1221 803 1288 Ecclesiam
829 1229 1014 1306 potestates
1045 1223 1202 1305 (civiles)

102 1351 157 1395 noa
172 1335 280 1394 caecat
295 1329 521 1411 necessariae,
538 1331 608 1394 aiei
624 1338 662 1394 at
674 1330 764 1414 qaod
794 1350 863 1394 aaa
881 1331 1065 1414 praevalet
1091 1351 1202 1394 cacer-

98 1439 149 1502 doa
161 1437 290 1523 efficere
308 1455 377 1521 per
394 1436 571 1501 doctrinae
589 1447 791 1518 sermonem,
801 1443 957 1520 potestas
973 1437 1033 1502 lucc
1060 1438 1204 1522 impleat

95 1563 150 1627 per
164 1543 370 1628 disciplinae
389 1549 554 1607 terrorem
572 1542 632 1624 (1).
1214 1529 1217 1536 ⁴

173 1651 225 1714 3.⁰
272 1649 390 1732 Leges
408 1648 549 1713 demum
566 1650 797 1731 Partitaram,
817 1667 911 1732 quae
927 1650 966 1714 in
981 1649 1203 1732 sapientissi-

100 1771 148 1820 mo
165 1755 296 1822 Codice
308 1755 494 1838 Alphonso
513 1756 547 1820 X
560 1757 694 1821 tributo
709 1756 901 1839 habentur,
928 1774 1009 1821 cum
1026 1774 1202 1838 saepenu-

99 1883 183 1930 mero
197 1867 236 1932 dc
254 1866 504 1946 decrementis,
519 1865 685 1946 Decimio,
703 1864 856 1946 aliisque
873 1864 982 1929 rebus
998 1863 1113 1928 sacris
1137 1864 1205 1928 dis-

98 1978 221 2054 serunt,
248 1991 318 2038 nec
342 1975 401 2054 jus
429 1972 637 2054 Principum
665 1989 731 2054 pro
761 1971 991 2035 moderandis
1016 1971 1203 2054 religionis

99 2082 238 2164 negotiis
252 2080 456 2162 ostendunt,
476 2097 543 2143 nec
565 2078 762 2161 legitimam
779 2077 1054 2160 Magistratunm
1079 2095 1204 2143 saecu-

98 2188 213 2253 larium
228 2187 548 2270 participationem
562 2185 598 2249 in
611 2186 788 2267 regimine
802 2186 1051 2251 ecclesiastico
1065 2186 1203 2268 patefa-

99 2297 197 2379 ciunt,
213 2313 330 2378 neque
348 2293 674 2377 praeeminentiam
691 2290 813 2356 Status
828 2310 940 2374 supra
953 2291 1154 2356 Ecclesiam
1169 2292 1206 2355 in

99 2402 358 2484 quaestionibus
372 2401 666 2484 disciplinaribus
686 2403 854 2482 arguunt;
874 2400 1014 2463 tantum
1033 2399 1127 2464 enim
1144 2417 1204 2464 no-

100 2507 147 2574 bis
163 2511 334 2593 detegunt
352 2513 426 2574 tres
439 2526 591 2591 magnas
606 2511 642 2570 et
659 2505 993 2590 praestantissimas
1018 2505 1205 2587 veritates,

99 2618 193 2682 bodie
224 2619 302 2682 fere
320 2617 465 2698 oblitas,
485 2615 558 2698 vel,
586 2614 682 2697 quod
699 2613 815 2695 magis
833 2611 1026 2677 dolendum
1044 2618 1111 2694 est,
1131 2613 1205 2695 ple-

99 2725 383 2805 neconculcatas,
403 2729 439 2789 et
457 2723 595 2791 utinam
611 2723 728 2804 Reges
742 2720 966 2785 recentiores
981 2724 1017 2784 et
1033 2736 1204 2802 praesen-

100 2841 146 2897 tes
161 2833 348 2898 societatis
371 2831 490 2896 civilis
508 2828 754 2900 Moderatores
774 2827 810 2890 in
835 2826 1045 2890 memoriam
1072 2841 1134 2889 eas
1153 2843 1206 2889 re·

101 2944 278 3021 uocarent,
312 2939 434 3004 debito
464 2937 602 3001 honore
635 2937 944 3018 prosequerentur
975 2937 1011 2996 et
1043 2932 1206 3015 practice

102 3049 264 3114 colerent!
899 3067 901 3072 ·

159 3155 421 3221 Celeberrimns
436 3157 471 3219 et
484 3170 667 3235 nunquam
686 3150 777 3215 satis
795 3148 964 3213 laudatus
996 3145 1120 3213 Codex
1148 3147 1206 3212 lli-

102 3263 258 3344 spanicus
277 3264 508 3342 Partitaram,
524 3279 566 3326 eo
585 3261 663 3343 ipso
681 3259 777 3341 quod
791 3259 896 3341 plura
910 3257 1033 3338 capita
1051 3256 1207 3338 comple·

104 3375 209 3437 ctatur
224 3373 266 3436 de
284 3371 393 3436 rebus
409 3371 536 3450 sacris,
563 3369 699 3434 sanctis
718 3385 762 3431 ac
786 3366 966 3450 religiosis
979 3362 1207 3444 Principibus
1283 3453 1286 3461 Α

104 3481 135 3540 et
150 3481 278 3562 populo
293 3479 492 3544 christiano
506 3478 575 3542 hac
592 3477 736 3540 nefasta
750 3473 916 3557 glacialis
934 3470 1207 3536 indifferentiae

105 3587 156 3650 vel
170 3589 335 3653 funestae
353 3585 655 3668 emancipationis
673 3573 795 3647 aetate
813 3580 883 3653 tria
915 3579 1015 3644 facta
1048 3574 1203 3640 luculen-

9 3715 10 3774 ς
106 3691 229 3760 tissima
242 3697 335 3761 scitu
368 3699 405 3759 et
437 3693 673 3758 meditatione
707 3690 830 3772 utique
858 3687 968 3770 digna
999 3683 1208 3749 solemniter

107 3803 308 3878 proclamat:
335 3801 363 3883 ¹⁴)
393 3801 612 3868 corzcordiam
640 3795 888 3862 Sacerdotium
916 3793 1010 3857 inter
1027 3797 1063 3855 et
1094 3790 1209 3873 lmpe-

107 3906 198 3991 rium,
217 3928 309 3994 quae
323 3913 410 3973 tunc
429 3907 602 3990 temporis
621 3904 771 3968 mirilico
787 3901 928 3983 enituit,
957 3917 1037 3965 cum
1056 3903 1210 3982 utraque

108 4022 253 4095 potestas
271 4019 504 4084 ecclesiatica
518 4019 554 4080 et
570 4013 689 4080 ciuilis
708 4010 835 4116 mediis
853 4008 1010 4093 propriis
1038 4012 1075 4071 et
1091 4006 1209 4071 diver·

109 4119 150 4184 sis
165 4125 330 4191 adhibitis
347 4126 384 4190 in
402 4123 566 4189 eumdem
584 4123 690 4186 linem
709 4119 949 4202 conspiraret;
971 4116 1036 4179 illa
1052 4112 1209 4178 sanctifi·

114 4269 246 4283 ψ--Μ

172 4363 205 4430 (l)
241 4367 300 4420 lab,
315 4365 433 4420 Seniani.
443 4381 503 4430 rrap.
519 4366 542 4412 l.
