3030 4990
517 439 717 506 .-1tt-

85 586 158 668 tiae,
176 585 243 651 hoc
255 589 322 669 est,
342 585 530 668 supposito
549 585 646 650 iacto
664 584 900 650 revelationis
918 603 939 648 a
956 583 1033 649 Deo
1059 601 1186 668 propo·

83 693 162 758 sitae
177 699 213 758 et
228 693 415 760 societatis
433 710 455 757 a
471 690 614 758 Christo
628 693 859 773 constitutae,
879 709 970 772 vera
986 687 1115 774 religio
1135 697 1190 757 est

83 807 205 866 tantum
223 801 288 865 illa
305 817 398 883 quae
415 800 452 864 in
469 799 594 865 divina
607 798 833 866 revelatione
850 799 1055 865 continetur
1073 803 1109 864 et
1143 800 1189 865 ab

82 905 234 972 Ecclesia
251 907 415 988 docetur;
437 905 547 989 igitur
560 905 747 988 Princeps,
774 905 969 989 Supremos
1000 905 1190 989 Magistra·

81 1017 140 1094 tus,
157 1014 216 1079 vel
232 1030 459 1097 quocumque
473 1012 618 1077 nomine
635 1017 788 1077 vocetur
806 1011 1014 1078 Moderator
1038 1013 1189 1077 societa-

81 1121 120 1184 tis
135 1120 263 1200 civilis‚
282 1121 411 1185 stricta
429 1119 652 1202 obligatione
670 1137 716 1184 ex
732 1124 930 1202 praecepto
950 1119 1109 1184 naturali
1126 1118 1190 1202 hy-

80 1229 250 1310 pothetico
263 1227 431 1293 derivata
445 1229 586 1310 cogitur
600 1245 784 1310 nunquam
801 1227 874 1292 suis
892 1227 1032 1292 actibus
1051 1227 1112 1292 vel
1140 1227 1188 1292 le-

79 1335 172 1418 gibus
184 1352 263 1400 sese
281 1333 473 1400 adversari
500 1334 668 1417 religioni
684 1334 874 1400 revelatae
906 1337 971 1398 aut
1000 1332 1189 1398 Ecclesiae

79 1413 277 1506 Catholicae
291 1440 452 1523 eJusdem
468 1441 678 1524 magistrae,
693 1441 888 1526 interpreti
905 1445 1015 1524 atque
1034 1438 1188 1505 custodi.

157 1545 211 1612 62.
261 1545 392 1614 Officia
415 1547 579 1632 positiva,
612 1566 706 1632 quae
734 1547 887 1614 Summis
920 1545 1190 1630 Imperantibus

78 1658 150 1735 post
161 1652 295 1720 Christi
311 1653 510 1720 adventum
526 1654 749 1736 incumbunt,
769 1654 816 1719 ad
833 1654 992 1738 quinque
1018 1653 1190 1720 revocari

79 1767 229 1844 possunt,
249 1767 287 1830 et
303 1768 387 1829 sunt
402 1763 508 1830 simul
518 1764 603 1846 jura
622 1768 658 1828 et
675 1764 809 1844 officiru
821 1767 923 1850 jura,
938 1765 1024 1848 quia
1041 1770 1191 1850 possunt

77 1868 253 1955 Principes
270 1875 373 1937 actus
390 1871 559 1954 religioni
576 1872 745 1937 faventes
774 1889 924 1955 ponere;
944 1872 1073 1959 officia,
1107 1871 1192 1955 quia

79 1977 178 2044 etiam
194 1995 330 2062 ponere
348 1978 478 2044 debent.

156 2084 402 2151 Recensentur
420 2102 509 2150 vero
523 2085 725 2167 sequentia:
744 2083 766 2148 J
769 2102 809 2148 us
827 2087 864 2149 et
881 2081 1046 2150 Officium
1076 2085 1190 2170 defeu-

77 2191 186 2274 n'om'a,
196 2192 435 2276 protectionis,
454 2192 768 2276 chicmae-ationis,
788 2191 1005 2257 coercitionis
1022 2195 1058 2254 ct
1077 2192 1191 2256 euolu-

78 2297 187 2364 aionia.
205 2298 291 2363 Tria
308 2299 426 2381 prima
440 2297 487 2362 ad
503 2299 717 2382 religionem
736 2303 772 2362 et
804 2297 1008 2362 Ecclesiam
1029 2299 1189 2363 referun-

78 2407 139 2484 tur;
152 2409 321 2487 quartum
336 2404 383 2469 ad
395 2405 558 2471 subditos
571 2406 608 2471 in
621 2406 836 2488 religionem
850 2404 1104 2487 delinquentes
1136 2423 1191 2470 re-

77 2511 185 2594 spicit;
203 2513 368 2596 quintum
386 2512 602 2578 relationem
618 2531 682 2578 seu
700 2516 905 2596 respectum
925 2510 971 2575 ad
988 2511 1079 2576 alios
1093 2512 1189 2595 prin·

79 2616 167 2700 cipes
182 2617 280 2685 dicit.

154 2727 208 2792 63.
258 2724 426 2793 Officium
438 2727 648 2811 Principum
661 2727 786 2793 tuendi
800 2725 1190 2809 religionemchristia·

79 2848 151 2898 nam
164 2839 273 2918 atque
289 2831 493 2900 Ecclesiam
506 2834 725 2900 catholicam
744 2832 960 2917 protegendi
974 2832 1110 2914 duplici
1136 2851 1191 2896 ar·

79 2946 235 3018 gumento
250 2942 495 3024 evincivalct,
512 2941 934 3027 nimi1·um,pltilosopltioe
948 2945 984 3005 et
998 2941 1190 3027 theologice.

155 3053 418 3132 Argumentum
429 3050 708 3136 philosophicum
720 3067 784 3114 seu
801 3049 969 3132 probatio
1002 3050 1151 3114 rationis
1169 3067 1191 3112 a

76 3151 147 3231 jure
162 3156 323 3221 naturali
341 3160 486 3239 sumpta
502 3161 578 3222 tota
596 3156 762 3221 consistit
778 3157 815 3220 in
833 3155 1060 3238 expositione
1091 3155 1190 3238 quin-

79 3277 138 3340 que
149 3263 284 3345 jurium
304 3268 341 3328 et
356 3263 570 3345 officiorum,
592 3281 685 3347 quae
703 3263 931 3346 Principibus
944 3281 1033 3346 erga
1047 3264 1190 3345 religio·

79 3383 150 3433 nem
166 3370 368 3437 revelatam
383 3375 419 3436 et
434 3370 637 3436 Ecclesiam
657 3369 883 3436 Catholicam
901 3370 1124 3453 incumbunt,
1155 3384 1191 3434 er

79 3471 123 3536 ita
136 3474 297 3542 breviter
314 3477 500 3542 enucleari
515 3481 663 3559 queunt:

155 3581 218 3649 Jus
253 3587 290 3648 et
317 3583 473 3648 officium
507 3584 718 3666 defensionis
752 3581 981 3665 Principibus
1015 3581 1190 3664 competit

79 3693 215 3771 propter
229 3691 496 3777 fundumentum
513 3692 712 3772 societatis3
747 3691 832 3774 quia
863 3709 955 3758 vera
979 3691 1120 3774 religio,
1152 3694 1191 3754 ut

80 3792 159 3860 olias
177 3797 424 3880 probavimus,
440 3798 714 3864 fundamentum
727 3803 782 3863 est
796 3798 1013 3865 moralitatis
1027 3803 1064 3862 et
1076 3799 1188 3863 socie·

80 3901 166 3984 tatic
183 3905 259 3988 sed,
275 3907 430 3971 constitu
449 3911 559 3990 atque
576 3907 763 3989 recognito
781 3907 880 3972 facto
898 3907 1136 3972 revelationis
1154 3909 1191 3971 et

80 4001 253 4076 Ecclesiae
270 4013 492 4079 fundationis
511 4013 684 4080 divinitus
701 4014 833 4096 factae,
852 4031 943 4078 vera
976 4013 1104 4096 religio
1136 4017 1191 4078 est

81 4107 206 4182 tuntum
222 4119 401 4201 revelata;
419 4119 530 4203 igitur
548 4119 662 4186 semel
693 4118 853 4184 admissa
867 4119 1044 4202 ejusmodi
1075 4119 1189 4202 hypo·

81 4216 173 4304 thesi,
188 4223 375 4309 Principes
392 4226 528 4292 habent
540 4227 600 4309 jus
618 4231 655 4291 et
672 4225 829 4291 officium
853 4225 1067 4310 religionem
1084 4243 1186 4291 reve·

82 4322 182 4394 lutam
197 4335 232 4396 et
247 4331 451 4398 Ecclesiam
469 4332 707 4398 christianam
724 4331 859 4398 tuendi.
