3030 4990
537 435 695 493 ...79-

73 581 387 664 issetquemagna
416 598 495 645 cum
513 579 647 661 injuria
676 583 880 662 gesserunt,
915 579 1080 644 Ecclesia
1112 598 1178 644 sun

72 689 142 769 jura
158 687 368 766 vindicante
386 692 422 752 et
439 692 567 752 contra
585 687 722 770 regiam
743 687 1014 769 usurpationem
1031 690 1178 753 strenue
1208 704 1212 710 ·

74 800 102 856 et
115 793 356 860 indesinenter
370 794 607 860 reclamante.

147 899 271 982 Quoad
298 903 517 985 l.¹²²factum,
538 900 797 967 Constantinus
822 919 902 966 sese
932 901 1022 966 dixit
1051 903 1177 986 epieco-

69 1029 142 1092 pum
156 1016 341 1092 externam,
360 1011 452 1075 dist:
465 1011 501 1074 iu
520 1009 646 1074 ordine
664 1009 710 1073 ad
725 1009 971 1074 defensionem
988 1015 1177 1074 externam

73 1114 255 1200 Ecclesiae,
276 1137 379 1198 conc,
397 1117 434 1180 in
459 1115 586 1181 ordine
615 1115 660 1180 ad
685 1120 903 1198 potestatem
922 1118 958 1182 in
975 1116 1178 1182 Ecclesiam

75 1223 312 1306 exercendam,
328 1233 422 1310 nepo.
439 1223 589 1290 Sensum
608 1223 712 1305 hujus
726 1224 1003 1288 celebratissimi
1021 1223 1137 1302 effati,
1157 1241 1178 1286 a

74 1327 295 1395 Constantino
314 1332 410 1396 iuter
427 1331 554 1414 epulas
571 1347 637 1413 per
663 1331 782 1412 jocum
800 1331 947 1414 prola-ti,
967 1332 1074 1395 aulici
1092 1330 1178 1394 scri-

73 1445 180 1518 ptores
198 1443 414 1521 pervertere
431 1439 552 1502 conati
566 1443 662 1519 sunt;
676 1438 740 1502 sed
754 1438 841 1502 nihil
859 1439 957 1502 aliud
971 1438 1178 1519 siguificare

73 1545 174 1608 uoluit
190 1546 374 1628 piissimus
398 1546 616 1628 Imperator,
637 1549 674 1608 ut
692 1563 736 1608 ex
756 1549 857 1608 textu
875 1561 1008 1627 graeca
1034 1545 1178 1608 Eusebii

73 1648 314 1717 Caesareensis
332 1653 482 1734 eruitur,
502 1670 609 1735 quam
623 1652 701 1735 ipse
720 1669 785 1715 ceu
803 1651 991 1716 Ecclesiae
1009 1651 1179 1715 defensor

73 1775 109 1820 ca
125 1760 237 1824 omnia
254 1759 489 1842 exsequenda
504 1763 662 1841 curaret,
681 1776 774 1842 quac
803 1760 966 1842 episcopi
992 1758 1037 1822 ad
1054 1758 1179 1823 Eccle-

72 1865 137 1928 siae
149 1866 277 1932 bonum
294 1867 580 1948 constituissent,
592 1865 660 1930 hoc
673 1877 740 1947 est,
754 1867 848 1949 quod
859 1867 937 1949 ipse
949 1869 1045 1931 esset
1060 1867 1179 1949 quoad

73 1978 243 2039 externam
262 1978 300 2038 et
312 1974 496 2055 politicam
511 1975 764 2038 auctoritatem
781 1975 934 2056 idipsum
951 1972 1046 2056 quad
1059 1974 1180 2038 forent

74 2080 220 2164 episcopi
238 2081 274 2145 in
292 2081 481 2146 Ecclesiae
499 2081 686 2163 regimine.

149 2188 201 2252 Ad
217 2189 275 2253 2.ιιι
290 2190 427 2252 factum
444 2188 539 2271 quod
557 2189 698 2269 attinet,
720 2189 812 2253 diet:
829 2187 850 2252 J
854 2187 1056 2251 ustiniunus
1076 2187 1127 2251 ita
1140 2205 1179 2251 se
1209 2270 1211 2274 ι

73 2294 171 2373 gessit
197 2296 389 2378 episcopos
417 2296 564 2360 arianos
582 2295 795 2377 deponendo
826 2301 862 2358 et
880 2294 1080 2359 catholicos
1099 2295 1178 2358 laco

73 2416 178 2466 eorum
195 2402 440 2485 subrogando,
460 2403 569 2466 nimio
583 2402 788 2467 catholicae
802 2402 886 2466 fidei
900 2403 978 2466 zelo
995 2402 1041 2466 ab
1056 2401 1177 2466 Eccle-

74 2507 117 2570 sia
142 2509 216 2574 sive
242 2528 288 2574 ex
317 2510 511 2593 prudentia
528 2508 607 2574 sive
632 2509 786 2592 quadam
817 2510 925 2573 etiam
956 2509 1180 2592 gratitudine

74 2616 224 2700 tolerato,
250 2640 353 2698 eona,
376 2621 458 2700 jure
491 2619 651 2701 proprio,
678 2640 771 2704 nepo.
797 2617 1002 2683 Meminisse
1037 2622 1181 2702 oportet

74 2739 127 2802 pro
141 2726 267 2807 agendi
282 2726 424 2790 ratione
436 2725 673 2808 Imperatoris
687 2725 882 2789 iustiniani
898 2727 1131 2807 agnoscenda
1145 2735 1181 2790 et
1286 2754 1290 2761 ·

74 2831 345 2913 temperamento
360 2831 547 2897 Ecclesiae
565 2833 675 2915 plane
690 2832 908 2896 vindicando
922 2832 1179 2914 lastinianum,

74 2941 249 3020 postquam
265 2939 461 3020 Imperium
494 2939 647 3021 adeptus
681 2943 747 3020 est,
768 2938 872 3002 sedes
891 2938 1179 3020 pratriarchales

74 3041 220 3126 aliasque
239 3045 372 3109 multas
388 3043 617 3128 episcopales
635 3045 681 3110 ab
699 3045 894 3110 haereticis
921 3045 1056 3109 arianis
1075 3063 1179 3110 occu-

74 3154 166 3230 patas
180 3153 376 3234 iuvenisse;
397 3154 476 3217 nelo
495 3158 614 3218 autem
634 3154 838 3218 catholicae
868 3153 951 3218 fidei
969 3170 1178 3235 succensus,

74 3259 247 3342 episcopos
276 3260 481 3325 haereticos
511 3261 619 3342 ejecit
644 3264 679 3324 et
712 3261 912 3325 catholicas
948 3260 1080 3342 ubique
1100 3279 1180 3326 con·

74 3365 187 3448 stituit3
206 3367 300 3450 hinc,
321 3385 400 3432 curn
427 3385 573 3432 causam
599 3368 784 3448 religionis
802 3367 912 3432 tuitus
927 3373 1024 3432 esset
1043 3373 1078 3431 et
1096 3386 1180 3450 quo-

74 3457 389 3559 dam'praesumpto
407 3475 594 3540 Ecclesiae
609 3475 778 3540 mandato
797 3477 932 3558 egisset
949 3477 983 3539 iu
999 3475 1179 3557 adjunctis

74 3579 153 3645 adeo
177 3583 395 3664 dificillimis,
415 3581 581 3648 Ecclesia
605 3584 642 3648 in
672 3585 915 3647 testimouium
947 3583 1057 3647 animi
1085 3583 1181 3664 grati

74 3683 156 3752 hunc
171 3689 397 3773 imperialem
415 3691 652 3756 intrusionem
682 3709 727 3756 ex
745 3693 841 3757 bona
869 3693 939 3757 fide
957 3697 992 3758 et
1009 3694 1180 3775 religioso

74 3810 168 3860 seusu
186 3803 300 3864 ortam
318 3799 411 3864 ultro
426 3800 680 3866 dissimulavit.

151 3904 249 3986 Quod
266 3926 356 3973 vero
385 3909 432 3973 ad
449 3909 507 3974 3.1²¹
522 3910 658 3974 factum
687 3914 842 3995 spectat,
859 3911 965 3990 juxta
983 3910 1181 3993 scriptores

75 4011 257 4079 catholicos
273 4015 519 4098 Imperatores
534 4023 570 4081 et
587 4017 704 4099 Reges
719 4016 874 4100 quadam
883 4019 1181 4102 praeeminentiae

75 4119 125 4180 uel
154 4123 487 4206 superintendentiae
519 4125 702 4205 potestate
736 4121 842 4204 potiti
875 4126 958 4186 sunt
991 4122 1090 4186 circa
1122 4140 1181 4187 res

74 4223 340 4312 ecclesiasticas,
356 4229 448 4295 diet:
466 4230 577 4294 talem
590 4232 811 4313 potestatem
825 4233 1068 4294 exercuerunt
1081 4229 1180 4293 Prin-

76 4327 162 4411 cipes
179 4351 222 4399 ex
234 4337 317 4418 jure
335 4336 403 4402 sibi
434 4337 594 4420 proprio,
614 4337 765 4402 testibus
784 4336 1021 4420 scriptoribus
1039 4337 1181 4402 sincere
1254 4328 1259 4338 '
