3120 4988
550 385 710 442 ...27-

96 533 202 614 aperte
219 529 438 614 colliguntur
454 531 689 596 characteres
715 527 868 612 juridici
884 528 1085 610 Ecclesiae,
1105 545 1199 612 quae

95 637 307 719 proculdubio
330 639 370 703 in
388 656 524 722 genere
546 637 764 702 societatum
782 640 818 702 ct
835 635 1061 702 denominari
1079 640 1200 719 potest

96 747 243 811 ethaberi
256 746 367 812 debet
382 751 566 829 tamquam
580 745 790 824 accessoria,
803 743 1019 829 oblipotorio,
1037 741 1197 813 visibilia

95 859 227 935 aotam,
243 853 540 938 aspernatorem,
557 851 754 934 inaequalia
771 855 882 931 atque
896 867 1071 934 suprema;
1089 867 1199 914 oeces-

95 961 174 1024 soria
187 960 325 1024 ratione
339 960 485 1044 oripioia
503 963 539 1040 (a
562 957 698 1026 Christo
711 957 888 1038 Domiao),
905 957 990 1044 quia
1007 961 1125 1020 ortum
1138 953 1198 1020 ha·

96 1065 156 1130 buit
171 1065 286 1132 alesu
302 1065 460 1146 Christo,
476 1065 559 1148 jnre
573 1065 813 1147 praevalente
828 1062 983 1128 omnium
998 1063 1198 1145 potissimo,

96 1191 152 1253 qua
167 1171 271 1255 Deus,
289 1172 468 1238 Dominus
485 1181 521 1238 et
536 1171 754 1253 Legislatcr;
772 1171 977 1255 obtipotorio
995 1188 1065 1234 non
1084 1169 1199 1235 solum

97 1281 216 1345 ratione
227 1282 318 1367 facti
334 1281 482 1364 positivi
508 1287 571 1343 aut
585 1279 733 1342 divinae
749 1279 978 1344 iustitutionis
998 1278 1199 1360 (instituta),

97 1389 320 1452 verumetiam
330 1387 513 1474 praecepti
531 1385 663 1451 Christi
677 1385 841 1451 formalis
860 1386 918 1468 pai
933 1384 1121 1450 crediderit
1136 1400 1200 1448 seu

97 1494 269 1575 explicitae
287 1495 488 1559 voluntatis
507 1493 724 1582 (exclusive),
750 1492 900 1558 visibitis
918 1491 1114 1570 (lomioeo);
1144 1511 1200 1555 ex·

96 1607 177 1666 leroa
190 1602 323 1682 (mediis
347 1605 415 1667 rite
429 1601 630 1686 applicatio,
649 1601 686 1664 iro
714 1602 782 1676 eal3
798 1598 1092 1682 supernaturalia,
1108 1597 1201 1662 iace·

97 1709 192 1792 puelia
222 1719 332 1794 atquc
356 1731 520 1794 suprema
545 1709 703 1792 (sulutem
720 1713 925 1786 aeteruum),
944 1705 1121 1789 siquidem
1155 1721 1201 1770 ex

97 1815 154 1880 tine
170 1817 448 1900 uuiuscujusque
466 1817 666 1897 societatis,
686 1815 737 1880 uti
753 1815 846 1879 alias
863 1814 1199 1896 animadvertimus,

98 1925 220 1988 omuino
237 1925 371 2008 pendet
389 1933 521 1990 acturo
533 1941 598 1988 seu
614 1923 835 2010 specificatio,
853 1924 992 1986 interae
1005 1921 1201 1987 constitutio

99 2033 125 2092 et
148 2031 301 2112 ejusdem
333 2039 445 2098 otetur
469 2031 665 2118 juridicus·
692 2028 769 2110 sed,
799 2045 880 2092 cum
906 2027 987 2091 finis
1015 2028 1201 2092 societatis

99 2137 348 2204 ecclesiasticae
366 2138 413 2203 sit
428 2138 526 2204 solas
544 2147 695 2219 aeterua,
713 2141 750 2201 et
765 2134 969 2217 louusmcdi
987 2134 1067 2199 linis
1084 2135 1129 2200 ad
1147 2153 1201 2200 or·

99 2243 196 2310 dinem
223 2247 527 2333 supernaturalem
544 2252 698 2330 spectet,
718 2261 761 2309 ac
792 2246 1008 2310 necessarius
1039 2243 1200 2329 oblipoto·

98 2352 215 2438 ricopoe
227 2355 374 2436 existat,
390 2371 532 2419 necnon
546 2354 688 2419 ultimas
701 2357 894 2417 censeatur
912 2369 1056 2434 unaque
1068 2350 1201 2415 habea·

100 2463 153 2542 tur,
170 2461 249 2527 hinc
277 2463 359 2546 ipsa
377 2461 544 2528 Ecclesia
562 2461 697 2544 optimo
718 2461 802 2542 jure
826 2465 984 2542 tameat,
1004 2477 1113 2542 quam
1131 2457 1202 2524 dici

100 2574 198 2648 potest
210 2570 503 2656 supernaturalis,
519 2570 714 2654 inaequalia
728 2572 837 2651 atque
850 2589 1024 2653 supremo.

170 2675 222 2741 22.
269 2677 367 2742 Utin
381 2676 450 2742 hac
479 2676 735 2742 controversia
762 2674 853 2740 adeo
886 2673 1202 2758 praestantissima

101 2781 253 2868 simulque
270 2785 381 2850 valde
399 2784 593 2868 complexa
610 2788 710 2848 recto
729 2783 856 2848 ordine
888 2787 924 2846 et
958 2800 1090 2864 magua
1121 2799 1200 2862 pcr-

101 2889 269 2970 spicuitate
282 2891 535 2974 procedamus,
558 2896 643 2956 ante
661 2891 783 2955 omnia
802 2906 938 2972 operae
962 2887 1119 2971 pretium
1133 2887 1203 2952 erit

102 2999 159 3061 tres
178 2998 310 3064 theses
326 3000 521 3082 generales
538 3000 653 3065 veluti
683 2995 833 3063 totidem
865 2996 1047 3079 principia
1075 2994 1201 3060 lunda·

103 3107 251 3172 mortalia
263 3111 426 3172 statuere
444 3125 487 3172 ac
513 3107 716 3202 vindicare,
749 3106 879 3189 quibus
908 3109 1093 3188 tamquam
1123 3104 1203 3169 basi

102 3212 284 3282 firmissima
297 3216 446 3281 fulcitur
464 3221 597 3280 natura
608 3215 769 3298 juridica
780 3213 980 3297 Ecclesiae,
997 3217 1075 3279 tcta
1090 3230 1201 3295 quan·

102 3321 198 3405 aest,
216 3323 401 3389 videlicet:
418 3324 697 3406 Diatioctioaem,
715 3323 963 3408 Perfactioaem
993 3325 1029 3384 et
1058 3320 1202 3405 Majori·

104 3432 187 3494 tatem
199 3429 386 3496 Ecclesiae
404 3449 494 3514 prae
513 3431 689 3496 societate
701 3429 814 3495 civili¹

56 3609 61 3624 ,
174 3536 224 3602 23.
271 3538 419 3622 Verum,
439 3543 635 3621 autequam
650 3536 886 3620 probationes
900 3552 966 3617 pro
984 3549 1202 3615 unaquaque

104 3639 227 3709 thesiln
257 3645 414 3711 medium
447 3645 659 3726 afferamus,
689 3643 736 3708 ad
767 3642 903 3707 rectius
937 3639 1202 3724 dignoscendos

105 3746 376 3836 deliniendosque
393 3751 673 3836 Regalistarum,
690 3754 765 3815 tum
782 3753 961 3830 veterum,
986 3751 1060 3812 tum
1078 3765 1201 3812 receu-

106 3854 227 3943 tiorum,
245 3878 389 3926 errores
428 3863 527 3926 circa
559 3867 727 3924 naturam
767 3858 956 3924 Ecclesiae
992 3856 1199 3939 juridicam,

106 3968 257 4032 nonnulla
274 3971 494 4052 praenotare
513 3973 657 4051 oportet
674 3967 719 4032 de
737 3966 852 4032 tribus
870 3965 1059 4047 principiis
1075 3963 1200 4028 lunda-

107 4075 310 4160 neutalibus,
324 4094 418 4160 quae
437 4077 488 4141 uti
506 4079 559 4141 tot
586 4075 723 4141 Thesea
739 4074 931 4155 generales
965 4072 1138 4154 cognosci
1166 4073 1202 4134 et

108 4175 323 4250 demonstrari
337 4184 480 4265 debent,
495 4183 675 4264 nimirum,
691 4181 735 4246 de
749 4181 992 4263 Diatiactioae,
1016 4179 1200 4264 Perfectio·

108 4287 421 4376 oeetSaperioritate
434 4289 623 4356 Ecclesiae
633 4289 748 4355 relate
757 4289 802 4352 ad
812 4289 1024 4353 societatem
1038 4285 1197 4350 civilem.
