3034 4990
556 413 593 427 -
616 381 679 441 35⁷·
697 413 735 426 -

173 526 249 591 221.
298 525 451 591 Errores
482 527 756 592 anactocratiooa
785 525 936 590 dicimus
978 526 1205 608 perniciosas

75 633 268 699 doctrinas
286 637 324 697 et
339 631 435 697 falsa
451 632 717 714 Regalistarum
740 632 889 714 placita,
920 649 1014 715 quae
1031 633 1205 716 Principi·

78 741 146 804 bus
163 739 416 804 saecularibus
430 739 488 820 jns
506 739 693 821 proprium
710 739 879 804 deferunt
906 755 986 803 sese
1002 738 1205 803 immiscen-

77 847 115 911 di
131 847 173 911 in
192 847 299 912 rebus
315 845 589 910 ecclesiasticis:
604 847 641 909 in
659 845 729 910 hac
745 845 873 928 quinta
889 851 1038 910 nostrae
1054 845 1206 909 classiti·

78 955 236 1020 cationis
249 953 439 1036 categoria
455 953 590 1035 duplex
603 970 705 1018 error
721 952 965 1017 discriminari
976 952 1095 1034 debet,
1111 953 1206 1018 alter

74 1063 256 1146 specialia,
275 1060 445 1148 proprius
456 1059 654 1141 Regalismi
669 1061 787 1125 stricte
799 1059 1050 1142 sumpti3alter
1065 1079 1205 1145 panero-

73 1169 122 1233 lia
140 1173 181 1232 et
192 1167 405 1248 communis,
421 1167 482 1249 qui
497 1166 743 1248 Regalismnm
755 1167 824 1233 late
851 1170 889 1230 et
904 1167 1075 1232 usualiter
1102 1184 1203 1231 usur-

79 1277 207 1355 patum
221 1273 420 1338 constituit.

171 1379 312 1445 Primus
330 1395 445 1456 error,
467 1378 613 1464 saeculo
630 1375 735 1442 XVII
751 1377 899 1442 ineunte
915 1378 953 1442 in
978 1375 1099 1443 Gallia
1127 1379 1205 1444 val-

77 1485 124 1550 de
140 1487 398 1569 pervulgatus,
417 1485 575 1567 Regibus
591 1491 627 1549 et
644 1485 872 1567 Principibus
899 1485 1002 1549 velut
1023 1487 1084 1566 jus
1102 1502 1203 1549 coro·

80 1610 151 1657 nae
169 1593 333 1658 innatum
346 1592 562 1675 (Regaliam)
576 1593 789 1657 facultatem
806 1592 989 1657 tribuebat
1001 1591 1204 1674 percipien-

77 1698 116 1762 di
133 1700 299 1764 redditus
323 1699 582 1764 beneficiorum
614 1699 945 1763 ecclesiasticorum
978 1700 1202 1780 vacantium,

80 1822 225 1870 necnon
243 1805 456 1870 conferendi
472 1805 651 1869 beneficia
668 1822 739 1869 non
758 1808 901 1887 curata,
920 1804 1013 1870 Sede
1030 1815 1201 1871 vacante.

170 1912 358 1978 Secundus
376 1930 478 1977 error
510 1913 707 1976 essentiam
726 1915 913 1996 propriam
939 1918 1048 1998 etque
1075 1915 1202 1978 funda-

81 2021 242 2085 mentale
270 2019 489 2102 principium
516 2020 714 2102 Regalismi
740 2025 895 2104 penerice
919 2021 1051 2104 sumpti
1084 2020 1203 2102 expri·

81 2127 157 2210 mit,
177 2133 286 2209 prout
301 2127 478 2208 eJ'usmodi
493 2127 643 2190 exitiale
660 2131 821 2208 systema
834 2128 945 2208 vulgo
970 2127 1149 2208 accipitur
1166 2130 1204 2189 et

82 2234 280 2298 recentiori
304 2237 425 2298 aetate
444 2234 521 2297 iere
539 2233 635 2315 apud
652 2238 804 2296 cunctas
821 2234 988 2297 nationes
1005 2233 1042 2297 in
1059 2232 1203 2315 praxim

81 2339 259 2404 deductus
276 2346 343 2404 est:
362 2339 502 2404 sistitur
530 2339 567 2402 in
595 2356 637 2403 eo
671 2339 766 2421 quod
794 2339 950 2422 Regibus
978 2337 1205 2422 summisque

80 2445 350 2530 imperantibus
368 2447 597 2511 adscribatur
614 2448 778 2527 potestas
802 2447 930 2511 nativa
948 2452 985 2511 et
1001 2447 1123 2530 insita,
1146 2464 1204 2512 ve·
1273 2492 1275 2496 .

82 2552 146 2618 luti
161 2553 345 2637 quoddam
362 2553 574 2618 attributum
599 2549 822 2634 principatui
849 2553 1057 2634 inhaerens,
1072 2555 1109 2619 in
1122 2555 1204 2620 reii-

82 2661 201 2740 gionis
215 2661 372 2743 negotiis
389 2659 659 2725 interveniendi
676 2665 713 2724 et
730 2660 919 2725 Ecclesiae
936 2662 1103 2742 regimini
1120 2679 1203 2743 par·

83 2765 271 2849 tioipandi.

171 2873 250 2938 222.
298 2872 485 2937 Postremo
514 2873 596 2938 loco
634 2873 819 2938 recenseri
847 2877 1031 2938 merentur
1060 2890 1204 2936 errores

76 2981 293 3064 policratici,
308 2982 437 3062 utpote
454 2977 562 3044 hodie
579 2980 699 3044 ubivis
712 2981 871 3063 gentium
900 2981 1108 3062 gliscentes,
1125 2997 1204 3062 per·

84 3087 327 3151 turbationem
345 3085 586 3168 undequaque
602 3087 806 3169 gignenteS,
827 3095 936 3170 atque
949 3104 994 3151 ex
1006 3089 1218 3152 novissimo.

83 3196 119 3255 et
134 3191 291 3256 forsitan
309 3191 467 3256 omnium
483 3191 790 3273 perniciosissimo
803 3199 1021 3275 systemate,
1036 3194 1132 3278 quod
1144 3212 1205 3257 no·

84 3299 179 3363 mine
202 3296 431 3362 Liberalismi
447 3299 563 3380 venit,
582 3299 803 3380 profluentes
817 3301 878 3365 vel
895 3301 1014 3382 potins
1031 3301 1205 3365 essentia·

83 3403 166 3470 liter
183 3421 228 3468 ac
243 3403 538 3486 inseparabiliter
555 3405 672 3470 eidem
689 3405 935 3471 inhaerentes.

170 3510 283 3576 Error
308 3509 591 3575 fundamentalis
619 3513 854 3594 policratious
881 3511 1202 3594 independentiam

82 3613 206 3682 Status
221 3634 287 3684 seu
302 3617 422 3682 civilis
439 3618 669 3682 auctoritatis
695 3619 740 3683 ab
766 3618 932 3682 Ecclesia
964 3624 1001 3683 et
1025 3619 1202 3700 religione

85 3724 298 3804 proclamat,
315 3724 395 3788 sive
403 3724 574 3811 juridice,
608 3724 677 3788 hoc
694 3729 760 3804 est,
779 3729 964 3808 tamqnam
992 3725 1053 3806 jus
1083 3740 1203 3788 essen-

84 3827 170 3894 tiale
183 3825 302 3894 Statni
318 3827 366 3892 ad
391 3829 446 3892 sui
463 3831 758 3895 constitutionem
776 3835 813 3895 et
839 3831 1022 3913 publicum
1055 3830 1204 3911 populo·

85 3951 161 4000 rum
178 3936 353 4018 regimen,
372 3935 452 4000 sive
463 3938 635 4020 practice,
649 3937 685 4001 id
703 3941 770 4018 est,
786 3937 888 4001 velut
900 3937 1037 4001 iactum
1050 3935 1204 4001 definiti·

85 4056 169 4106 vum
183 4040 231 4104 ad
246 4040 380 4106 bonum
406 4043 592 4125 utriusque
625 4043 823 4124 societatis,
855 4048 931 4107 tum
963 4043 1095 4125 civilis,
1128 4047 1205 4108 tum

85 4148 290 4230 religiosae,
309 4148 528 4230 ordinatum,
548 4155 584 4214 et
597 4149 841 4215 conditionem
857 4149 1043 4233 socialem,
1061 4157 1204 4233 specta-

86 4253 129 4320 tis
145 4271 268 4320 rerum
296 4255 489 4338 adjunctis,
509 4259 720 4339 progressui
735 4264 772 4322 et
799 4257 969 4322 civilitati
1001 4263 1204 4341 temporum
