3146 4980
820 407 998 468 -404-

350 555 424 616 tem
457 553 753 636 propositionem:
773 553 927 636 Populus
950 573 1017 618 noa
1031 559 1164 636 peccat,
1184 553 1320 618 etiamsi
1347 555 1472 638 absque

350 660 425 726 alla
442 679 547 724 caasa
560 680 627 724 noa
643 660 791 743 recipiat
803 659 908 743 legem
920 680 943 722 a
954 659 1113 743 principe
1131 659 1404 744 promulgatam.

441 765 594 846 Deinde,
606 765 713 846 Juxta
739 771 954 846 conceptum
983 765 1171 846 proprium
1203 781 1248 830 ac
1276 766 1468 843 juridicum

351 872 465 954 ipsius
478 871 570 953 legis
581 888 698 952 nuper
710 870 929 952 expositum,
955 870 1129 952 obligatio
1145 871 1251 952 legis,
1281 888 1345 936 seu
1376 871 1467 953 quod

352 978 447 1043 idem
488 983 556 1058 est,
586 976 784 1042 necessitas
820 977 984 1040 actiones
1012 977 1282 1058 attemperandi
1320 979 1469 1060 regulae

352 1083 749 1167 egendialegislatore
782 1085 992 1164 propositae
1025 1101 1098 1148 non
1132 1083 1333 1166 repetenda
1364 1091 1469 1150 esta

352 1193 543 1256 voluntate
559 1191 620 1254 vel
636 1189 740 1254 libitu
756 1189 880 1272 populi
894 1195 957 1252 aut
974 1189 1211 1271 subditorum,
1227 1189 1293 1254 sed
1306 1209 1467 1256 necessa·

352 1297 407 1362 rio
424 1303 461 1361 et
478 1301 578 1360 recte
595 1296 784 1360 derivatur
801 1313 823 1358 a
842 1299 1021 1377 potestate
1039 1296 1202 1377 legitima
1218 1297 1395 1378 principis
1411 1297 1466 1359 vel

353 1403 551 1487 superioris
567 1404 730 1484 regulam
749 1419 813 1466 seu
829 1401 947 1484 legem
965 1403 1223 1468 auctoritative
1237 1403 1468 1486 proponentis

353 1515 391 1575 et
406 1510 628 1575 sufficienter
647 1508 923 1590 promulgantis.

442 1615 494 1679 3.⁰
541 1613 645 1694 Quod
679 1615 709 1678 si
743 1615 948 1696 acceptatio
987 1615 1112 1696 populi
1144 1615 1372 1697 intelligatur
1406 1631 1466 1696 pro

353 1723 486 1788 actuali
503 1723 587 1806 lepis
600 1723 828 1801 observantia,
847 1723 956 1802 eique
974 1721 1010 1784 in
1041 1721 1110 1784 hoo
1143 1722 1249 1785 tertio
1282 1728 1319 1785 et
1347 1721 1465 1784 stricto

354 1845 463 1892 sensu
477 1835 664 1891 asseratur
680 1829 970 1908 acceptationem
986 1828 1122 1909 populi,
1141 1835 1177 1892 et
1193 1828 1231 1892 in
1249 1845 1288 1892 re
1304 1827 1464 1892 ecclesia·

354 1935 448 1998 stica
464 1933 634 2012 fidelium,
651 1934 894 1997 necessariam
913 1933 1132 1998 censendam
1145 1951 1226 1998 esse
1251 1933 1298 1997 ad
1328 1933 1464 1997 firmita-

354 2045 428 2106 tem
445 2043 691 2105 occideotolem
709 2041 800 2122 legis
814 2041 1054 2120 alliciendam,
1075 2059 1148 2104 non
1175 2041 1360 2104 renuimus
1390 2041 1464 2104 huic

355 2148 565 2212 necessitati
584 2148 765 2226 assentiri3
786 2147 933 2228 quippe,
968 2147 1037 2210 hac
1053 2147 1357 2228 interpretatione
1370 2164 1463 2229 prae-

355 2255 478 2334 missa,
498 2255 557 2317 lex
571 2271 638 2317 nec
653 2255 725 2316 vim
744 2254 890 2331 essendi,
910 2254 1067 2320 necuim
1085 2255 1227 2338 cogendi
1244 2255 1290 2317 ab
1307 2261 1461 2334 accepta-

355 2361 454 2423 tione
469 2359 593 2440 populi
608 2359 774 2440 recipiat,
794 2358 857 2422 sed
872 2365 1011 2421 tantum
1029 2359 1222 2440 quamdam
1239 2359 1462 2422 stabilitatem

356 2465 535 2529 obtinebit
556 2471 591 2528 et
609 2471 757 2546 propter
771 2465 887 2546 ipsam
904 2465 1174 2528 observantiam
1203 2466 1240 2528 in
1273 2463 1461 2529 desuetudi-

356 2590 452 2650 nem,
469 2573 744 2652 abrogationem
759 2573 818 2635 vel
836 2570 1109 2654 derogationem
1129 2589 1200 2634 non
1213 2572 1394 2636 deveniet.

447 2679 523 2742 260.
573 2678 750 2742 Probatur
764 2677 817 2740 3.·
832 2696 918 2759 pars
936 2677 1060 2758 thasie,
1078 2695 1220 2759 nempe:
1240 2679 1385 2762 Ideoque
1405 2677 1461 2740 Ec-

355 2783 957 2870 clesiasticuaLepesetPoatificiae
991 2782 1255 2849 Constitutioaes
1287 2805 1352 2850 noa
1383 2783 1461 2847 iudi·

354 2900 433 2979 9ent
445 2905 638 2956 oousausu
652 2905 859 2954 rnruomuu
876 2892 922 2955 od
939 2891 1007 2956 vim
1021 2891 1252 2955 obtinendam.

448 2997 498 3061 1.“
545 2997 883 3061 Evinciturveritas
899 2998 1003 3077 hujus
1032 2998 1289 3079 propositionis
1318 2998 1461 3062 testimo·

357 3105 426 3168 niis
443 3121 489 3166 ex
505 3103 625 3167 Sacris
643 3103 789 3166 Litteris
803 3102 1040 3185 depromptis3
1060 3103 1125 3167 sed
1138 3121 1219 3180 cum
1252 3110 1310 3168 sat
1337 3107 1417 3168 nota
1431 3109 1463 3164 et

356 3211 465 3274 toties
483 3213 639 3289 repetita
652 3210 869 3290 habeantur,
885 3211 1058 3291 generale
1076 3217 1329 3292 argumentum
1345 3212 1461 3277 lormu·

357 3317 436 3380 lare
455 3316 614 3379 sufficiat
626 3317 725 3380 hisce
743 3317 918 3380 terminis:
934 3322 1054 3380 textus
1073 3335 1197 3380 omnes
1212 3335 1275 3381 seu
1293 3314 1463 3382 locaNovi

358 3423 593 3502 Testamenti,
614 3422 793 3504 inquibus
812 3424 932 3503 agitur
951 3423 993 3486 de
1007 3424 1234 3488 institutione
1252 3433 1289 3487 et
1318 3423 1462 3487 traditio·

357 3548 404 3595 ne
421 3531 612 3613 potestatis
626 3546 818 3610 supremae
833 3547 853 3591 a
871 3527 1013 3593 Christo
1033 3529 1186 3594 Domino
1205 3531 1306 3594 facta
1331 3547 1390 3613 pro
1415 3545 1462 3590 re·

357 3636 478 3720 genda
493 3654 557 3700 sua
576 3635 754 3716 Ecclesia,
774 3653 839 3716 pro
870 3635 1010 3717 legibus
1029 3636 1239 3718 condendis,
1271 3644 1376 3720 atque
1406 3649 1463 3716 pro

357 3742 689 3824 transgressoribus
718 3741 778 3804 vel
795 3743 1068 3806 contumacibus
1101 3744 1226 3824 poenis
1257 3741 1462 3808 salutaribus

357 3848 583 3928 coercendis,
602 3847 793 3911 dumtaxat
820 3847 864 3911 de
882 3847 988 3912 Petro
1008 3856 1044 3914 et
1059 3848 1245 3931 Apostolis
1269 3850 1461 3932 loquuntur,

358 3957 396 4018 et
412 3955 457 4019 de
472 3955 629 4036 Regibus
646 3971 690 4017 ac
707 3953 981 4035 Magistratibus
994 3955 1244 4020 saecularibus
1259 3957 1399 4020 omnino
1425 3953 1461 4015 si·

358 4059 447 4140 lent;
467 4078 554 4142 ergo
572 4077 619 4124 ex
635 4060 703 4124 Dei
722 4060 957 4142 dispositione
975 4079 1039 4126 seu
1052 4062 1159 4141 Juxta
1187 4060 1321 4128 Christi
1353 4061 1463 4125 volun·

358 4168 484 4246 tatem,
498 4168 595 4231 solus
613 4167 741 4232 Petrus
755 4168 905 4250 ejusque
921 4168 1158 4234 Successores
1175 4169 1366 4236 Pontifices
1378 4168 1463 4234 Sum·

358 4270 493 4352 mi,soli
506 4273 672 4354 Apostoli
686 4291 883 4357 eorumque
892 4275 1129 4341 successores
1143 4274 1316 4361 Episcopi
1328 4269 1463 4359 legitimi
