3034 4990
800 365 975 424 „320-

326 507 424 574 xirne
442 511 478 574 et
505 509 642 574 directe
674 525 755 574 crim
783 509 975 593 temporali
1003 509 1189 575 societatis
1222 509 1341 574 civilis
1374 509 1441 572 tine

327 616 600 698 copularentur,
619 615 734 681 veluti
751 616 831 681 vias
848 616 1013 699 publicas
1029 616 1183 698 erigere,
1203 619 1328 698 portus
1362 633 1441 680 con·

327 726 482 807 struere,
502 724 763 808 agriculturam
776 723 917 806 lovere,
936 727 1034 788 artes
1062 723 1122 788 vel
1149 723 1347 788 industrias
1365 741 1442 805 pro-

327 849 489 914 movere,
507 831 606 896 bella
623 831 733 896 etiam
751 849 831 896 cum
849 831 972 913 regnis
987 829 1177 894 catholicis
1194 847 1260 912 pro
1273 829 1442 913 legitimis

323 939 467 1022 juribus
499 945 536 1006 et
552 940 763 1022 integritate
779 939 953 1004 territorii
970 955 1112 1020 gerere,
1146 937 1291 1021 aliaque
1318 935 1354 1000 id
1385 953 1442 1017 ge·

328 1065 408 1111 nus.
423 1045 588 1112 Diximus
604 1047 758 1128 contulit,
777 1045 861 1129 quia
877 1045 1050 1110 universa
1077 1043 1240 1108 Historia
1266 1042 1443 1107 Ecclesia-

327 1153 420 1217 stiea
431 1153 654 1217 luculentum
671 1169 715 1216 ac
733 1150 966 1216 ineluctabile
978 1150 1222 1216 testimonium
1247 1149 1351 1215 nobis
1366 1166 1442 1231 per-

329 1260 429 1326 hibet
469 1260 701 1327 liberalitatis
728 1265 764 1324 et
806 1259 1073 1334 munificentiae
1108 1257 1308 1334 Ecclesiae,
1353 1275 1443 1339 quae

327 1368 431 1451 large
449 1373 485 1433 et
497 1366 687 1452 splendide
699 1385 779 1432 cum
792 1365 895 1430 Statu
908 1383 1052 1448 semper
1065 1383 1104 1430 se
1117 1365 1242 1446 gessit,
1261 1363 1443 1446 copiosam

329 1493 434 1558 opem
452 1475 568 1542 eidem
582 1474 731 1541 serendo
745 1476 852 1557 juxta
869 1491 970 1538 suam
988 1473 1200 1538 facultatem
1225 1475 1261 1536 et
1274 1471 1372 1535 illius
1388 1488 1442 1534 ne·

326 1583 549 1665 cessitatem,
570 1583 677 1648 immo
695 1599 783 1648 vero
802 1599 904 1646 suam
921 1580 1186 1664 legislationem
1199 1579 1306 1644 novis
1324 1595 1442 1643 neces·

328 1689 496 1756 sitatibus
512 1689 706 1755 socialibus
719 1705 980 1772 saepenumero
992 1685 1312 1766 accommodand03
1328 1684 1442 1748 bodie·

330 1796 412 1861 dum
431 1801 550 1862 autem
568 1797 672 1863 bonis
689 1797 859 1880 propriis,
878 1813 972 1878 quae
981 1798 1076 1882 juste
1095 1792 1305 1875 adquisivit,
1338 1793 1442 1878 lapill-

329 1925 381 1969 me
400 1905 587 1986 possessit,
607 1905 694 1970 etin
710 1904 842 1970 bonum
865 1902 990 1985 populi
1007 1904 1044 1966 et
1059 1917 1260 1983 pauperum
1277 1899 1441 1964 levamen

329 2011 535 2096 aequissime
552 2011 747 2092 distribuit,
767 2011 911 2074 omnino
929 2007 1116 2090 expoliata
1134 2024 1199 2089 per
1231 2006 1374 2088 iniquas
1400 2005 1443 2068 le·

329 2135 406 2201 ges,
426 2137 516 2201 quas
530 2117 706 2183 neoterici
723 2116 999 2184 amortisationia
1029 2115 1129 2198 prius
1157 2113 1442 2180 deaamortiaotio·

330 2227 385 2291 nis
403 2225 485 2289 dein
504 2225 750 2308 appellarunt,
768 2241 790 2287 a
808 2222 993 2306 guberniis
1009 2221 1211 2288 liberalibus
1231 2219 1338 2284 toties
1353 2219 1442 2282 latas

331 2335 367 2396 et
384 2330 422 2396 vi
439 2330 543 2413 hujus
562 2330 806 2414 nequissimae
831 2346 875 2394 ae
887 2327 1092 2410 sacrilegae
1124 2327 1380 2408 expoliationis
1410 2325 1442 2387 in

331 2436 601 2522 pauperrimam
635 2436 879 2502 conditionem
911 2435 1208 2517 teterrimamque
1237 2433 1442 2498 servitutem

331 2544 494 2627 reducta,
510 2545 573 2610 vix
591 2547 654 2609 aiut
670 2562 716 2608 ne
735 2543 798 2608 vix
815 2541 958 2626 quidem
976 2541 1183 2624 praecipuis
1208 2543 1244 2604 et
1275 2537 1441 2620 urgentis-

331 2652 431 2717 simis
449 2651 579 2732 eultus,
597 2650 846 2730 ecclesiarum,
879 2649 1125 2714 ministrorum
1143 2650 1180 2712 et
1202 2645 1360 2710 fidelium
1389 2661 1441 2708 ne-

331 2758 561 2824 cessitatibus
578 2756 774 2822 subvenire
791 2759 923 2838 potest.

420 2863 489 2930 Sed
502 2865 534 2930 si
548 2863 664 2929 denuo
683 2862 848 2928 Ecclesia
867 2862 1003 2928 divitiis
1034 2860 1249 2944 abundaret,
1280 2861 1374 2944 quod
1389 2877 1442 2924 no·

331 2971 400 3054 bis,
421 2973 595 3054 spectatis
613 2975 828 3053 temporum,
843 2987 963 3035 rerum
997 2973 1033 3033 et
1065 2969 1226 3052 gentium
1259 2967 1440 3050 adjunctis,

332 3080 410 3144 fere
427 3077 651 3160 impossibile
665 3075 823 3160 videtur,
843 3093 932 3158 prae
951 3075 1064 3140 oculis
1089 3074 1294 3140 habendum
1309 3079 1363 3139 est
1378 3071 1441 3152 oili·

333 3186 439 3267 cium,
455 3184 583 3268 dequo
601 3185 790 3267 loquimur,
815 3200 862 3248 ex
893 3199 994 3249 mera
1022 3183 1202 3247 charitate
1234 3199 1315 3246 esse
1339 3181 1443 3262 inJun·

333 3296 442 3374 ctum,
462 3291 629 3374 ideoque,
640 3292 747 3373 juxta
764 3290 910 3372 regulas
920 3289 957 3354 in
971 3289 1147 3354 exercitio
1161 3286 1367 3370 hujusmodi
1382 3285 1442 3350 vir·

332 3399 419 3463 tutis
448 3397 662 3480 servandas,
696 3395 931 3478 adimpletum
959 3395 1016 3476 iri,
1051 3395 1237 3476 videlicet,
1272 3393 1440 3469 ordinate,

334 3503 659 3589 proportionaliter
676 3506 712 3566 et
725 3501 944 3566 voluntarie:
964 3501 1135 3582 ordinata,
1166 3499 1201 3564 id
1229 3503 1299 3581 est,
1316 3498 1442 3564 Statum

334 3609 543 3694 adjuvando
562 3627 607 3674 ex
625 3609 780 3674 relative
797 3607 987 3691 superfluis
1016 3607 1077 3673 vel
1094 3607 1225 3672 saltem
1242 3624 1316 3671 non
1333 3619 1442 3670 neces·

334 3718 452 3799 sariis;
478 3717 802 3802 proportionaliter,
817 3714 885 3780 hoc
898 3717 965 3796 est,
980 3713 1178 3779 secundum
1201 3713 1443 3778 necessitatem

335 3823 457 3890 Status
476 3842 522 3889 ex
539 3842 610 3888 una
626 3829 744 3907 parte,
764 3829 799 3888 et
817 3822 1031 3887 facultatem
1049 3819 1236 3904 propriam
1261 3836 1308 3884 ex
1325 3818 1441 3892 altera;

338 3932 543 4012 voluntarie,
573 3934 752 4014 quatenus
769 3928 890 3994 Status
909 3926 954 3992 ab
972 3927 1139 3992 Ecclesia
1167 3925 1341 3992 auxilium
1357 3923 1441 3989 effla·

336 4035 465 4118 gitare,
486 4037 635 4118 ejusque
649 4035 843 4118 positivam
861 4033 1157 4116 cooperationem
1165 4039 1292 4117 petere
1306 4028 1441 4116 poterit,

337 4139 401 4204 sed
413 4142 512 4205 nullo
532 4147 638 4224 pacto
656 4142 757 4207 valet
769 4141 865 4205 bona
883 4141 1075 4204 Ecclesiae
1093 4141 1255 4222 exigere,
1274 4139 1441 4216 multoque

338 4245 455 4311 minus
473 4263 553 4312 eam
583 4265 648 4330 per
666 4247 740 4313 vim
755 4264 886 4328 eogere
906 4246 952 4312 ad
983 4264 1198 4312 concursum
1232 4242 1442 4314 materialem

340 4353 611 4435 praestandum.
