3120 4988
571 439 709 496 ..3-

87 581 309 646 manicabilis
341 600 407 648 seu
436 583 634 649 intrinsece
666 583 916 669 independens
947 589 984 653 in
1002 588 1199 671 operand03

86 705 239 770 persona
256 691 421 776 juridico
445 689 674 756 denominari
699 693 812 757 valet:
833 696 1003 780 quaelibet
1015 695 1202 762 rationalia

86 803 208 862 notura
224 798 414 863 subsistent
431 800 664 883 capacitatem
694 800 820 867 habena
846 811 885 868 ut
907 805 1094 885 subiectum
1103 805 1202 891 juris

86 923 149 968 erse
171 905 301 988 poscit.
336 903 450 970 Juxta
468 903 707 988 philosophos
740 911 776 972 et
803 909 954 991 juristae
982 910 1200 976 christianos

85 1025 331 1093 quaecumque
363 1029 524 1094 persona
541 1011 704 1076 insensu
722 1014 973 1099 metaphysica
1007 1021 1062 1082 est
1090 1017 1201 1082 etiam

85 1134 236 1198 persona
248 1118 285 1184 in
299 1135 410 1184 sensu
423 1118 580 1201 juridico
595 1121 781 1204 generiem
800 1123 886 1206 quia
914 1124 1045 1189 saltem
1058 1123 1200 1206 iuribus

85 1226 234 1290 naturae
252 1225 417 1290 omnibus
433 1226 638 1292 hominibus
656 1228 904 1295 communibus
937 1235 974 1295 et
1002 1231 1201 1296 essentiali·

85 1329 143 1394 bus
156 1331 304 1414 gaudet3
319 1331 385 1397 sed
409 1333 518 1414 juxta
530 1333 683 1415 juristae
696 1351 861 1417 paganos
875 1353 1033 1416 persona
1042 1335 1201 1418 juridica

85 1456 149 1503 non
166 1443 248 1503 erat
264 1439 394 1504 eadem
407 1457 452 1504 ac
468 1441 735 1526 metaphysica,
770 1443 947 1526 siquidem
961 1445 999 1509 in
1013 1443 1036 1510 J
1038 1462 1102 1510 ure
1133 1443 1198 1510 Ro·

86 1562 184 1610 mano
215 1547 315 1613 servi
345 1547 482 1613 nullius
512 1547 606 1628 juris
622 1549 763 1632 proprii
780 1549 982 1631 subjeetum
1004 1551 1201 1619 censeban-

86 1657 147 1717 tur.

143 1759 306 1825 Persona
311 1760 475 1848 juridico
488 1759 598 1824 tribui
611 1760 705 1826 solet
718 1762 754 1828 in
758 1765 941 1852 ptiapcaun
951 1763 1013 1830 vel
1025 1764 1200 1846 moralem,

86 1871 116 1930 et
123 1868 317 1954 perfectum
330 1867 393 1933 vel
405 1867 819 1954 imperfectams'physica
831 1870 984 1955 perinde
997 1874 1107 1937 estac
1120 1888 1200 1954 per·

85 1990 168 2038 sona
196 1975 234 2039 in
252 1992 361 2040 sensu
378 1974 642 2058 metaphysicm
672 1978 818 2043 morulis
850 1981 1081 2062 nuncupatur
1100 1978 1200 2044 cotte-

86 2083 314 2168 ctioplurium
323 2082 554 2170 physicorum
562 2105 807 2170 personarum,
825 2107 911 2172 quoe
923 2086 1059 2153 vinculo
1082 2087 1199 2170 utiquo

86 2192 205 2258 morati
220 2193 273 2259 ito
289 2193 382 2258 inter
398 2213 469 2258 aete
485 2199 745 2277 connectuntur,
776 2201 813 2259 ut
840 2194 945 2259 simui
974 2199 1131 2278 sumptae
1145 2193 1200 2258 de·

86 2300 330 2384 ventriquecnt
356 2301 544 2387 subjectum
565 2302 680 2388 juria·
708 2317 867 2384 persona
889 2302 1049 2388 perfecto
1067 2299 1198 2364 dicitur

87 2407 216 2489 quaein
229 2409 379 2493 proprio
393 2407 514 2474 ordine
531 2415 581 2474 eet
604 2408 671 2474 sibi
688 2408 874 2496 sufficiens
904 2417 936 2475 et
966 2407 1199 2494 independens

86 2533 121 2579 oe
144 2514 296 2600 proinde
317 2516 424 2601 piene
455 2517 511 2581 aui
530 2516 642 2603 peria
674 2516 879 2604 imperfecto
911 2516 1096 2601 apellatur
1112 2534 1199 2600 quae

87 2643 181 2706 neque
212 2624 251 2688 in
278 2643 340 2690 auo
371 2623 493 2690 ordine
523 2624 792 2710 independeutia
820 2631 852 2690 et
864 2624 1085 2710 plenitudine
1099 2623 1199 2710 juria

82 2730 220 2814 potitur,
240 2729 393 2812 eoquod
422 2729 468 2794 ab
482 2729 557 2794 alia
568 2747 727 2813 persona
755 2730 891 2814 pendet
924 2731 984 2796 vel
1012 2734 1197 2812 tamquam

87 2852 163 2916 pars
179 2837 332 2902 alterius
349 2835 513 2919 ejusdem
544 2837 682 2903 ordinis
714 2839 765 2903 uti
797 2855 950 2921 praeses
968 2836 1196 2921 provinciae,

87 2943 139 3007 vel
152 2947 337 3028 tamquam
354 2943 512 3008 medium
528 2945 859 3027 proportionatum*
870 2944 933 3010 fini
950 2944 1113 3026 ejusdem
1137 2959 1198 3025 ge·

88 3051 173 3116 neris
190 3052 293 3117 velut
310 3051 383 3116 dux
399 3051 563 3116 militiae.

164 3159 196 3224 4.
243 3157 309 3224 His
327 3158 540 3242 praejactis,
560 3159 744 3223 notionem
759 3158 852 3240 juris
881 3162 955 3224 tum
968 3159 1105 3245 publici
1123 3161 1198 3224 tum

83 3260 209 3348 piinuti
226 3266 291 3330 sub
310 3265 446 3349 triplici
478 3267 649 3349 respectu
679 3266 879 3353 subjectiuo,
898 3267 1062 3354 obiectioo
1088 3267 1198 3349 atque

88 3373 241 3460 efficiente
258 3374 393 3458 sumpti
410 3374 458 3456 (1)
476 3375 678 3458 explanare
694 3374 939 3457 aggredimur.
984 3409 989 3420 ·

165 3480 188 3545 J
190 3499 231 3545 us
259 3481 448 3546 Publioum
466 3493 696 3546 sussanorrvn
723 3485 915 3565 acceptum
932 3480 1112 3546 definitur:
1132 3499 1197 3564 quo

87 3589 227 3670 pandent
236 3609 410 3675 personne
439 3590 589 3655 moratae
610 3590 790 3676 perfectae
809 3611 868 3655 seu
884 3589 1063 3657 societates
1082 3588 1197 3674 perfe-

89 3702 152 3762 ctae
168 3699 216 3763 od
228 3700 332 3784 finem
359 3698 597 3764 immediatum
629 3699 743 3784 ipsius
756 3698 1006 3764 adsectationis
1019 3717 1197 3781 coaequen-

89 3801 169 3888 dum,
187 3826 316 3890 nempe,
330 3807 453 3871 donum
467 3826 641 3872 commune
656 3807 761 3871 totius
774 3806 961 3886 societatia;
978 3815 1194 3870 OBJEcTIVE:

90 3913 277 3997 compienne
289 3932 406 3979 eorum
421 3913 469 3978 ad
484 3933 570 3998 quoe
584 3913 729 3999 opendn,
744 3913 933 3979 omittendo
955 3920 1016 3979 out
1029 3910 1199 3998 enipendo

89 4037 236 4052 ’'Q—fi·-

150 4153 187 4217 (l)
224 4151 279 4216 Qui
300 4153 466 4220 ampliorem
481 4152 612 4206 notitiam
626 4155 700 4207 circa
712 4154 865 4218 genuinam
884 4154 1032 4207 notionem
1056 4156 1085 4206 et
1109 4153 1198 4206 diver·

90 4233 131 4274 sas
158 4223 239 4278 druia
254 4223 433 4292 acceptiones
457 4226 549 4278 aurire
569 4225 647 4290 velit,
673 4226 758 4280 adeat
778 4231 904 4280 nostrum
922 4237 1198 4280 rannonucrrouan

92 4303 120 4342 m
136 4307 185 4348 tua
198 4309 458 4351 acccnsrasrrcnnr
472 4301 532 4350 tum
546 4297 694 4364 Generale,
708 4305 769 4351 tum
783 4297 981 4366 Hispanicum,
995 4296 1089 4351 ubide
1102 4297 1198 4350 haere

91 4361 164 4432 longe
178 4369 291 4436 lateque
303 4370 547 4436 pertractavimus,
558 4385 620 4438 cap.
632 4370 654 4438 1,
664 4373 716 4424 art.
725 4370 746 4424 1.
