3024 4994
528 415 706 472 -181-

73 558 318 643 ollipauarr'ta'a...
338 553 573 642 Quaecumque
596 559 782 638 calcarium
803 557 978 639 ejusmodi
994 557 1108 623 verba
1122 558 1180 624 de-

72 665 198 728 clarant
210 669 321 748 atquo
335 665 564 748 proclamant
576 666 637 747 Jus
654 666 790 752 lipuudr'
803 669 839 729 et
856 664 1013 732 solvendi
1026 665 1180 749 Aposto-

72 769 108 833 lis
125 769 291 834 diuinitus
316 771 502 852 tributum3
517 772 594 852 jam
612 789 701 837 vero
719 771 756 835 in
768 771 852 852 jure
880 770 1018 854 ligandi
1047 773 1085 835 et
1112 772 1181 837 sol-

72 874 169 940 vendi
198 877 407 942 continetur
435 883 599 960 potestas
631 878 803 943 coactiva
834 877 881 943 ab
910 875 1181 961 lpsometJesu

71 981 199 1048 Christo
215 985 382 1049 instituta
405 989 442 1049 et
470 984 655 1068 Apostolis
685 1001 882 1068 eorumque
909 984 1181 1050 successoribus

73 1089 203 1173 tradita;
222 1091 284 1175 qui
300 1091 395 1156 enim
412 1092 499 1178 iiput
527 1095 683 1175 coercet,
716 1092 831 1176 punit,
853 1108 1008 1175 poenam
1038 1089 1180 1174 infligit,

71 1197 208 1278 ligatum
224 1197 394 1264 libertate
408 1200 572 1281 privans;
591 1201 652 1282 qui
669 1204 790 1266 autern
806 1199 943 1265 culcita
957 1215 1075 1282 poena
1092 1198 1179 1264 libe·

72 1309 129 1385 rat,
148 1306 368 1388 punitionem
394 1306 525 1387 aufert,
545 1306 752 1371 libertatem
770 1305 899 1388 reddit,
920 1307 980 1370 vol
1011 1306 1181 1370 innoeen-
1250 1374 1254 1388 ‚

71 1411 145 1476 riam
162 1413 221 1478 vel
250 1414 511 1496 poenitentiam
542 1413 596 1478 rei
624 1417 707 1496 post
731 1413 907 1496 judicium
925 1413 1065 1478 videns.
1083 1409 1110 1492 b)
1143 1411 1182 1478 a·

71 1525 170 1585 aulem
184 1519 373 1586 Ecclesiam
390 1521 637 1603 honoratiora,
655 1522 701 1586 ait
718 1521 780 1586 tibi
797 1521 886 1586 siout
903 1521 1056 1587 albericus
1074 1526 1105 1585 el
1114 1540 1179 1610 pu·

71 1625 215 1692 dlicuom
233 1627 294 1712 (1);
312 1627 381 1692 hoc
406 1628 443 1692 iu
471 1632 573 1692 textu
603 1624 766 1693 Christus
795 1627 971 1693 Dominus
1001 1626 1107 1692 docet
1139 1642 1183 1691 ao

72 1735 237 1818 praecipit
254 1753 330 1818 eos,
350 1735 410 1818 qui
428 1733 630 1800 Ecclesiam
647 1752 719 1799 non
744 1721 938 1817 audierint,
960 1734 1110 1817 eJusque
1132 1733 1181 1800 le·

72 1857 136 1922 gas,
153 1843 291 1908 monita
315 1851 425 1925 atque
439 1841 579 1923 jndicio
596 1843 817 1925 spreverint,
837 1859 917 1907 esse
942 1841 1181 1924 aequiparan-

73 1945 125 2011 dos
141 1947 294 2014 ethnicis
312 1954 348 2013 et
364 1948 581 2040 publicanis3
600 1949 702 2032 atqui
720 1947 912 2014 Israeliten
930 1965 1011 2014 cum
1028 1947 1182 2014 ethnicis

73 2071 133 2118 uon
148 2055 476 2138 communicabant,
493 2061 528 2121 et
544 2056 761 2140 publicanis,
781 2059 928 2139 praeter
947 2053 1181 2120 incommuni-

74 2163 251 2242 cationem,
271 2162 391 2228 odium
410 2169 519 2247 atque
545 2162 757 2246 despectum
774 2162 1053 2263 prolitebantum
1072 2161 1183 2244 igltur

71 2267 161 2347 Juxta
188 2270 400 2354 explicitam
430 2268 563 2336 Christi
592 2270 810 2352 doctrinam,
841 2269 1007 2335 Ecclesia
1036 2285 1183 2334 suorum

74 2383 337 2460 praeceptorum
352 2385 654 2460 transgressores,
667 2395 810 2443 necnon
821 2377 1084 2442 sententiarum
1099 2393 1181 2442 con·

75 2485 257 2566 temptores
286 2485 448 2568 plectere
466 2490 586 2569 potest
611 2502 730 2568 poena
761 2485 918 2550 omniurn
947 2483 1181 2566 gravissima,

75 2589 243 2674 videlicet,
271 2591 660 2674 excommunicatione,
687 2609 781 2675 quae
799 2591 835 2656 ln
853 2591 980 2656 ordine
1001 2589 1184 2674 spirituali

75 2703 119 2759 est
143 2700 302 2764 maxima
318 2704 355 2764 et
371 2699 539 2782 capitalis
559 2715 678 2781 poena
695 2699 886 2780 canonica,
917 2697 1076 2762 animam
1091 2695 1183 2762 chri·

75 2803 214 2870 stianam
231 2806 311 2871 rita
337 2806 519 2888 spirituali
536 2805 700 2888 privans;
721 2811 758 2869 ot
774 2805 868 2870 sicut
884 2804 921 2869 in
952 2802 1079 2868 ordine
1096 2806 1182 2866 tem·

75 2913 176 2989 porali
194 2930 314 2996 poena
329 2912 497 2995 capitalis
515 2915 683 2976 caeteras
697 2913 854 2976 minores
871 2927 1009 2994 poenas
1028 2908 1184 2992 comple·

76 3017 177 3102 ctitur,
196 3019 282 3103 quia
301 3019 421 3102 capite
439 3018 629 3084 damnatus
643 3019 769 3100 vitam,
783 3017 1002 3100 libertatem,
1016 3015 1184 3098 honores,

5 3153 6 3172 2
77 3120 206 3190 divitias
226 3129 420 3209 omniaque
433 3127 579 3206 amittit,
599 3126 650 3189 ita
669 3125 778 3190 etiam
794 3125 831 3189 in
868 3124 994 3190 ordine
1012 3121 1184 3189 ecclesia·

76 3230 151 3295 stica
179 3233 507 3298 excommunicatio
524 3249 618 3316 quae
631 3249 802 3316 suprema
819 3249 938 3315 poena
952 3231 1131 3296 canonica
1148 3234 1186 3294 et

77 3341 121 3399 est
147 3345 181 3404 et
209 3341 429 3420 nominatur,
449 3356 554 3405 omne
582 3339 780 3422 punitionis
806 3355 934 3421 genus,
962 3343 1185 3419 cunctasque

77 3457 235 3510 censuras
253 3463 298 3510 ac
316 3463 454 3529 poenas
486 3444 773 3528 comprehendit.
792 3447 817 3524 ο)
835 3445 1006 3511 Doceater
1034 3463 1089 3509 eoo
1116 3462 1185 3507 aer-

77 3567 145 3616 urre
161 3553 275 3619 omnia
292 3572 522 3640 quaecumque
540 3551 703 3618 mundavi
720 3551 815 3617 uobis
830 3551 891 3636 (2);
911 3551 970 3615 hle
985 3548 1185 3632 injungitur

78 3654 235 3742 obligatio
253 3659 427 3726 servandi
441 3659 563 3724 omnia
578 3656 712 3724 Christi
730 3657 916 3738 mandata;
936 3655 1000 3721 eod
1018 3655 1185 3720 custodia

78 3771 341 3852 praeceptorum
358 3770 395 3832 et
412 3767 533 3849 legum
550 3765 786 3831 observantia
799 3766 838 3830 vi
850 3763 1061 3848 gravissimi
1075 3763 1185 3828 ollicli

79 3870 115 3933 ab
136 3873 210 3956 ipso
228 3874 307 3940 Deo
323 3875 482 3958 impositi
500 3875 706 3955 (mendaci),
725 3874 911 3957 Apostolis
928 3872 1185 3938 communicati

81 3979 188 4064 (tobia)
207 3988 243 4049 ot
269 3983 316 4048 ab
341 3984 393 4048 eis
421 3983 641 4066 promulgati
660 3983 843 4064 (docenter)
863 3999 930 4046 nec
956 3979 1101 4062 impleri
1118 3995 1186 4045 nec

84 4134 248 4150 Ἣ*

139 4255 174 4321 (1)
209 4255 312 4310 blotth.
326 4271 387 4324 cap.
400 4255 508 4320 XVIII,
522 4272 546 4310 v.
564 4259 604 4311 ll.

140 4328 174 4394 li)
210 4327 281 4382 Eod.
294 4329 345 4382 loc.
358 4343 419 4394 cap.
433 4327 570 4394 XXVIII,
584 4343 609 4382 v.
625 4329 667 4382 20.
