3030 4990
521 422 698 484 -103-

69 569 216 646 nondam,
236 568 391 652 ideoque
409 569 537 652 religio
557 569 740 636 censenda
756 574 812 635 est
829 569 944 635 veluti
960 567 1172 636 fundamen·

69 685 127 739 tum
142 677 348 742 indirectam
361 694 424 740 seu
440 678 627 742 mediatam
641 676 837 759 cujuslibet
848 677 1035 742 societatis
1053 678 1173 743 civilis

68 788 150 848 recte
166 783 369 848 ordinatae.
386 783 507 848 Prima
525 787 562 848 et
578 783 741 848 secunda
756 785 886 850 soritae
899 783 1100 867 propositio
1115 785 1173 849 de-

68 891 312 955 monstratione
329 907 400 978 non
413 889 590 972 indigena
607 892 755 956 tertiam
775 897 811 956 et
829 895 997 973 quartam
1011 890 1175 957 breviter

68 996 297 1080 probabimus,
317 1003 356 1061 ut
370 997 507 1062 veritas
523 997 767 1062 conclusionis
787 997 950 1062 omnibus
967 1003 1106 1080 pateat.

140 1102 193 1167 49.
241 1103 558 1186 Tranquillitatem
584 1103 780 1188 publicam,
799 1121 893 1188 quae
911 1103 1056 1187 quidem
1089 1121 1175 1186 pars

68 1210 209 1275 maxima
227 1215 283 1274 est
299 1212 512 1294 temporalis
542 1211 742 1295 felicitatiS,
776 1211 934 1299 existere
966 1229 1039 1276 non
1068 1228 1176 1294 posse

69 1316 189 1399 absque
215 1335 307 1383 vera
331 1319 553 1400 moralitate,
572 1318 693 1401 idest,
726 1319 796 1383 nisi
812 1318 976 1383 homines
992 1322 1121 1402 putent
1137 1335 1177 1382 se

69 1423 105 1488 ad
128 1425 224 1508 leges
242 1426 370 1491 civiles
387 1426 590 1492 servandas
609 1427 836 1510 aliorumque
862 1428 948 1509 jura
972 1428 1177 1493 reverenda
1218 1428 1223 1440 '

69 1531 230 1616 obligatos
258 1535 295 1598 in
328 1536 566 1618 conscientia,
600 1536 652 1600 ita
684 1536 899 1600 evincimus:
926 1535 1051 1600 ablato
1077 1535 1114 1600 vi
1142 1537 1178 1600 et

70 1639 218 1706 efficacia
235 1642 472 1725 obligationis
489 1642 650 1726 moralis,
671 1646 810 1708 tantum
835 1647 1001 1707 remanet
1032 1660 1099 1725 pro
1118 1642 1177 1706 ob·

70 1749 240 1814 servantia
257 1750 458 1816 officiorum
477 1755 513 1814 et
530 1769 595 1834 pro
612 1751 760 1834 publica
778 1751 978 1816 securitate
992 1750 1052 1815 vel
1071 1750 1178 1815 timor

70 1853 149 1936 legis
165 1857 280 1922 civilis
299 1857 360 1922 vel
374 1857 511 1922 utilitas
538 1857 698 1940 privata,
718 1875 826 1941 quam
857 1857 1009 1940 quisque
1022 1859 1059 1921 in
1077 1874 1178 1922 exse·

71 1963 198 2028 cutione
225 1963 427 2029 officiorum
444 1970 479 2028 et
496 1964 617 2048 legum
649 1965 815 2030 custodia
844 1965 1043 2047 experitur;
1078 1965 1179 2047 atqui

72 2071 132 2134 tum
149 2069 276 2138 sanctio
289 2074 374 2158 lepis
387 2074 513 2156 civilis,
529 2079 604 2138 tum
611 2075 758 2158 privata
771 2075 907 2138 utilitas
919 2071 1179 2137 insufficientes

72 2179 166 2258 atque
180 2179 389 2244 inefficaces
406 2185 490 2245 sunt
507 2179 553 2244 ad
571 2179 749 2262 ejusmodi
778 2180 950 2245 effectum
978 2178 1178 2262 producen-

73 2281 154 2366 dom;
168 2286 414 2369 tranquillitas
431 2286 542 2369 igitur
558 2287 704 2370 publica
717 2292 866 2351 exstare
883 2289 993 2369 atque
1010 2285 1180 2350 subsiste·

72 2406 104 2452 re
119 2393 235 2476 nequit
249 2413 270 2457 a
285 2393 492 2459 moralitate
506 2394 685 2475 seJuncta.

148 2499 195 2562 l.⁰
241 2500 387 2566 Sanctio
405 2501 497 2584 legis
515 2501 633 2566 civilis
651 2506 705 2565 est
721 2499 945 2565 insufficiens
963 2507 1001 2565 ut
1017 2501 1180 2565 homines

74 2615 165 2684 cogat
180 2606 224 2671 ad
236 2608 337 2690 leges
364 2607 579 2691 servandas,
595 2610 680 2690 jura
697 2607 851 2672 aliorum
870 2606 1024 2672 colenda
1050 2611 1087 2671 et
1099 2624 1179 2690 pro-

74 2713 141 2790 prio
165 2715 283 2780 officia
300 2715 533 2799 adimplenda
552 2716 686 2798 triplici
702 2716 911 2799 potisimum
930 2715 1067 2798 capite:
1087 2715 1116 2794 ¹¹)
1134 2732 1181 2778 ex

75 2816 199 2885 defectu
216 2823 507 2906 universalitatis,
528 2823 660 2888 etenim
682 2822 890 2887 extenditur
907 2826 1047 2886 tantum
1064 2819 1110 2884 ad
1138 2838 1183 2885 ea

76 2939 153 3004 quae
167 2928 319 3010 aliquus
337 2933 420 2994 sunt
432 2930 617 3012 momenti;
632 2930 875 3014 praetermitti
893 2933 1012 2994 autem
1027 2929 1180 3010 minora,

76 3047 141 3098 cum
158 3034 199 3100 de
215 3035 373 3101 minimis
392 3055 464 3101 non
481 3048 584 3102 curet
600 3037 802 3120 legislator,
833 3043 869 3102 et
894 3041 1016 3102 tamen
1041 3035 1183 3100 leviora

77 3141 279 3225 quotidinae,
297 3144 467 3208 continue
482 3148 517 3207 et
533 3144 690 3226 positive
718 3144 912 3227 plurimum
930 3143 1121 3210 conferunt
1137 3143 1184 3207 ad

76 3245 172 3313 vitam
198 3257 360 3314 nostram
377 3251 522 3315 felicem
551 3255 614 3315 aut
631 3251 815 3316 infelicem
832 3249 1068 3330 reddendam;
1092 3247 1119 3334 b)
1138 3266 1182 3312 ex

47 3349 199 3434 ,defectu
228 3359 415 3446 efficaciae,
445 3357 530 3442 quia
562 3357 623 3422 lex
656 3358 775 3423 civilis
816 3358 1019 3422 efficaciam
1043 3362 1184 3420 tantum

77 3457 246 3548 habetpro
263 3464 456 3548 puniendis
479 3464 621 3529 delictis
656 3465 818 3530 externis
848 3469 886 3529 et
918 3463 1085 3547 publicis,
1116 3462 1184 3526 hoc

79 3571 223 3651 establis
240 3572 464 3654 criminibus,
480 3590 575 3655 quae
592 3589 657 3654 per
675 3576 786 3636 testes
811 3577 875 3636 aut
892 3571 983 3635 alias
1002 3569 1183 3654 probatio-

79 3689 130 3739 nes
145 3677 382 3745 demonstrari
413 3683 577 3760 possunt;
597 3679 681 3743 hino
709 3678 830 3743 omnia
858 3678 1004 3743 interna
1030 3685 1185 3760 peccata

80 3781 143 3860 ejus
158 3787 380 3851 sanctionem
413 3785 631 3868 effugerent,
663 3791 700 3850 et
728 3786 849 3850 omnia
883 3785 1021 3869 pariter
1053 3783 1186 3848 delicta

81 3897 225 3977 externa,
244 3896 310 3960 sed
334 3912 406 3960 non
423 3894 583 3976 publica,
618 3894 839 3959 coercitione
872 3895 1054 3972 carerent3
1082 3893 1107 3970 0)
1139 3907 1186 3954 ex

82 3994 204 4065 defectu
223 4002 482 4088 applicationis,
498 4001 666 4084 quoniam
682 4018 825 4083 semper
842 3999 987 4064 adesset
1001 4015 1084 4080 spes
1102 4015 1185 4062 eva-

82 4101 171 4172 dendi
186 4110 295 4174 etiam
313 4126 467 4192 poenam
487 4109 630 4173 crimini
647 4109 792 4191 publico
823 4107 994 4188 debitam,
1015 4106 1094 4170 sive
1121 4122 1186 4186 per

82 4209 195 4299 fugem,
212 4216 291 4283 sive
309 4233 375 4299 per
391 4216 536 4280 testium
555 4221 619 4281 aut
632 4215 793 4298 judicum
808 4213 1084 4296 indulgentiam.

154 4321 203 4388 2⁰
264 4324 412 4390 Utilitas
442 4325 603 4408 privata,
637 4325 715 4390 sive
748 4325 891 4390 realiter
924 4328 1089 4388 sumatur
1122 4339 1186 4405 pro
