3024 4994
796 447 823 456 -
857 413 913 472 176
939 447 969 456 --

324 559 369 624 tis
386 555 586 638 (ll-Scitis
602 577 687 642 quae
699 564 888 642 praecepto
906 557 1061 624 dederim
1087 557 1180 623 uobis
1210 557 1271 641 (2);
1301 555 1434 639 insuper

324 668 361 732 in
376 665 633 748 Apostolorum
649 665 794 747 scriptis
812 665 940 730 crebro
960 663 1192 747 reperiuntur
1211 665 1311 746 leges
1324 665 1365 728 ab
1385 665 1436 728 eis

324 773 423 838 latae
436 772 480 836 de
494 773 637 838 dotibus
650 771 925 856 Episcoporum,
943 772 987 837 ds
1013 773 1166 855 bigamis
1183 791 1255 837 non
1280 773 1435 837 ordinan-

325 881 391 964 dis,
423 881 467 946 de
495 881 689 966 neophytis
717 901 789 947 non
818 881 1027 965 evehendis,
1055 880 1100 945 de
1128 881 1235 946 modo
1260 879 1436 962 judicandi

324 989 572 1074 Presbyteros,
592 990 635 1056 de
653 991 854 1070 connubiis,
873 991 991 1074 deque
1008 989 1089 1055 aliis
1108 988 1375 1073 quamplurimis
1399 989 1439 1052 id

326 1117 439 1182 genus
452 1098 498 1164 ad
512 1102 700 1164 externam
716 1097 903 1164 Ecclesiae
919 1100 1083 1183 politiam
1094 1100 1351 1182 spectantibus.

413 1206 520 1272 Prob.
538 1206 590 1270 3.⁰
608 1225 653 1270 ex
678 1207 760 1288 jure
777 1208 1018 1274 ecclesiastico:
1046 1225 1356 1291 supervacaneum
1378 1224 1438 1270 uo-

325 1316 380 1382 bis
398 1314 542 1380 videtur
559 1315 595 1380 in
613 1314 767 1380 medium
782 1317 947 1398 proferre
965 1334 1081 1400 prope
1098 1317 1288 1381 innumera
1304 1315 1438 1398 legisla-

325 1424 433 1488 tionis
467 1423 741 1488 ocolesiastioae
768 1430 1000 1488 monumenta
1033 1441 1127 1507 quae
1166 1423 1441 1489 ineluctabiliter

326 1530 521 1596 ostendunt
549 1529 762 1595 Sucossorcs
790 1531 1048 1614 Apostolorum
1081 1532 1214 1614 ubique
1242 1534 1278 1595 et
1305 1547 1440 1611 semper

326 1637 453 1702 eadem
472 1641 655 1720 potestate
672 1655 755 1702 usos
769 1655 861 1720 esse;
878 1639 1055 1722 siquidem
1069 1640 1263 1722 perlegere
1276 1643 1335 1702 aut
1346 1637 1439 1702 evol-

326 1763 415 1810 vere
433 1747 583 1829 quisque
601 1748 735 1830 poterit
751 1745 890 1829 Corpus
907 1747 927 1812 J
933 1746 1005 1812 uris
1038 1746 1226 1828 Canonici,
1258 1747 1315 1811 ubi
1339 1743 1440 1808 unde·

327 1871 470 1937 quaque
487 1855 666 1919 habentur
683 1854 783 1936 leges
798 1873 841 1919 ac
860 1854 1008 1919 decreta
1021 1855 1100 1920 sive
1115 1874 1136 1919 a
1153 1853 1324 1919 Consiliis
1338 1869 1440 1934 gene·

328 1960 464 2026 ralibus
492 1965 529 2025 et
558 1961 853 2045 particularibus,
885 1963 963 2026 sive
982 1981 1004 2026 a
1034 1961 1188 2028 Summis
1216 1960 1441 2026 Pontificibus

327 2069 457 2150 quovis
475 2073 637 2151 temporo
656 2069 802 2134 condita
819 2076 854 2134 et
870 2071 1113 2152 promulgata.

414 2175 521 2240 Prob.
537 2175 589 2240 4.⁰
603 2195 648 2240 ax
659 2176 741 2258 jure
756 2179 864 2242 civiti:
878 2175 1013 2242 Summi
1025 2176 1256 2260 imperantes
1274 2181 1309 2240 et
1321 2173 1442 2239 civiles

327 2283 483 2346 omnium
513 2285 728 2366 populorum
745 2283 845 2365 leges
870 2283 964 2348 hanc
993 2285 1158 2348 nativam
1192 2283 1441 2366 propriamque

285 2389 513 2462 «Ecclesiae
527 2396 744 2472 potestatem
759 2397 935 2474 perpetuo
951 2409 995 2456 uc
1009 2391 1132 2473 palam
1146 2391 1384 2471 agnoverunt;
1396 2387 1439 2449 le·

327 2503 459 2581 gantur
476 2497 642 2579 equidem
659 2515 722 2580 pro
742 2497 801 2578 huj
808 2517 846 2562 us
864 2498 1075 2562 assertionis
1092 2497 1265 2561 firmitate
1299 2495 1440 2560 (lodices

327 2604 599 2670 Theodosianus
617 2609 653 2668 et
669 2605 690 2668 J
695 2605 916 2669 ustiuianeus
934 2605 1030 2688 apud
1048 2603 1242 2684 Romanos;
1263 2602 1440 2698 consulan-

327 2713 437 2776 turiu
467 2711 775 2776 confirmationem
806 2711 982 2794 ejusmodi
1008 2711 1178 2777 veritatis
1210 2709 1440 2776 celeberrima

327 2819 463 2902 Regum
492 2819 716 2884 Francorum
748 2819 986 2902 Capitularia;
1026 2823 1235 2884 scrutentur
1265 2817 1440 2883 luculenta

328 2928 535 2992 testimonia
552 2943 645 3010 quae
662 2944 727 3010 pro
746 2931 928 3009 potestate
946 2926 1134 2992 Ecclesiae
1165 2923 1383 2991 vindicanda
1400 2937 1440 2984 aa

329 3035 520 3100 Codicibus
539 3053 721 3118 nunquam
738 3040 796 3098 sat
812 3033 970 3098 laudatis
987 3034 1256 3099 Fori-Judicum
1285 3039 1320 3097 et
1335 3029 1439 3098 Parti-

329 3149 458 3221 tarum,
479 3159 620 3206 necnon
637 3161 682 3206 ex
714 3142 919 3208 Novissima
951 3141 1225 3226 Recopilatione
1257 3143 1293 3206 iu
1325 3143 1440 3205 nostra

328 3249 505 3332 Hispania
523 3250 660 3315 desumi
674 3257 833 3335 posseut;
852 3251 1071 3316 evolvantur
1089 3251 1231 3316 demum
1262 3245 1439 3315 Collectio·

329 3377 392 3424 nes
406 3358 586 3440 juridicos
604 3365 816 3424 cunctarum
843 3360 1016 3441 gentium,
1036 3363 1073 3423 et
1103 3359 1216 3424 thesis
1233 3357 1437 3430 catholicae,

329 3485 436 3553 quam
453 3456 736 3549 propugnamus,
752 3467 862 3549 plena
879 3466 1046 3549 probatio
1065 3466 1270 3531 habebitur.

418 3575 459 3638 In
478 3573 687 3657 obsequium
707 3573 898 3639 brevitatis
912 3573 1103 3656 sequentia
1116 3578 1258 3638 tantum
1277 3571 1387 3638 verba
1400 3579 1439 3628 ex

331 3681 462 3747 Codice
478 3682 674 3746 iustiniani
688 3681 929 3762 excerpimus:
949 3680 987 3745 st
1001 3681 1120 3746 civiles
1137 3683 1238 3766 tepea,
1259 3680 1311 3744 ait
1327 3674 1439 3743 catho-

330 3794 421 3857 licus
437 3792 654 3872 Imperator,
675 3810 821 3875 querum
832 3796 1038 3874 potestatem
1055 3790 1152 3855 nobis
1173 3789 1266 3854 Deus
1286 3807 1353 3874 pro
1384 3799 1439 3848 suo

330 3899 531 3964 inlumines
548 3899 753 3982 benignitate
771 3897 928 3976 credidit,
944 3899 1065 3983 fientes
1097 3899 1138 3963 ab
1171 3897 1362 3962 hominibus
1391 3909 1438 3954 eu·

331 4007 455 4072 etodiri
468 4006 514 4071 ud
529 4006 755 4071 obedientium
779 4006 998 4071 securitatem
1015 4007 1202 4072 studemus:
1223 4013 1347 4089 queunte
1366 3999 1438 4086 ptus

332 4152 538 4162 ..η-ψ

403 4265 439 4324 (1)
475 4261 496 4312 l.
510 4259 547 4312 ud
561 4258 679 4312 Corinth.
692 4275 752 4325 cap.
766 4261 816 4313 Xl.

401 4337 437 4400 (s)
473 4334 495 4385 1.
507 4331 544 4385 ud
555 4329 643 4384 Thess.
656 4348 718 4398 rap.
739 4333 787 4384 lv.
