3030 4990
525 400 682 458 ...ST-

64 543 151 621 egent
162 540 251 605 socii
267 542 397 608 mediis
414 544 494 608 aive
512 544 675 626 ejusdem
693 544 830 610 ordinis
846 546 1060 630 spiritualis,
1086 549 1166 615 sive

63 647 221 714 interioris
237 650 390 734 ordinis;
405 651 613 717 moderator
627 653 736 736 igitur
749 655 937 720 societatis
955 656 1087 739 civilis,
1105 657 1167 740 qni

63 754 138 820 bono
150 758 331 822 communi
344 758 534 824 intendere
548 760 700 843 cogitur,
710 779 838 826 veram
851 765 887 826 et
900 762 1064 827 strictam
1079 762 1166 829 obli-

62 861 225 944 gationem
241 864 353 930 habet
369 865 521 930 subditis
537 867 612 931 suis
644 867 833 952 catholicis
866 869 1165 935 subministrandi
1245 917 1248 924 -

63 971 164 1036 omnia
195 973 317 1038 media
352 976 569 1057 temporalia
600 975 663 1040 fini
695 977 967 1059 supernaturali
998 995 1166 1043 neccssa-

62 1079 116 1142 ria.

132 1187 186 1253 45.
235 1187 397 1254 Tertium
427 1189 660 1254 corollarium
693 1212 798 1276 super
826 1192 1094 1278 independeutia
1125 1215 1166 1260 ao

61 1297 287 1378 superioritate
304 1296 482 1362 Ecclesiae
498 1298 535 1362 iu
549 1299 751 1363 necessitate
767 1301 933 1365 servandi
946 1301 1034 1386 lepos
1048 1301 1166 1367 ciuiles

61 1401 118 1464 tria
129 1403 225 1466 facta
239 1403 516 1486 praesupponit,
533 1407 570 1468 et
584 1403 786 1470 doctrinam
799 1407 928 1471 statuit
940 1423 1006 1489 pro
1021 1409 1165 1490 majori-

61 1512 122 1573 tate
134 1514 171 1574 et
186 1528 293 1576 sacra
309 1511 499 1576 Ecclesiae
512 1510 797 1594 independentia
815 1514 852 1577 in
865 1513 936 1578 hae
952 1513 1088 1597 triplici
1101 1514 1164 1598 hy·

61 1616 187 1696 potbesi
198 1617 432 1684 vindicanda.
452 1617 538 1682 Tria
567 1618 735 1701 equidem
762 1622 864 1684 certa
897 1621 1166 1703 praemittenda

61 1731 129 1788 sunt
140 1741 205 1808 pro
221 1728 324 1790 reeta
341 1725 447 1808 hujus
465 1727 685 1790 consectarii
708 1727 964 1810 intelligentia:
986 1727 1038 1792 1.⁰
1065 1728 1164 1793 dubi-

62 1831 120 1894 tari
131 1833 253 1915 nequit
265 1832 442 1916 quasdam
460 1835 607 1897 exstare
624 1835 798 1898 materias
815 1834 1050 1919 temporales,
1071 1853 1165 1918 quae

62 1955 163 2021 neque
187 1939 325 2004 directe
358 1958 477 2023 neque
505 1938 683 2005 indirecte
713 1940 760 2004 ad
792 1941 899 2006 finem
935 1942 1166 2023 spiritualem

62 2051 221 2130 spectant,
250 2051 426 2112 ettamen
457 2048 705 2114 neeessariam
741 2050 1006 2114 connexionem
1029 2049 1167 2114 habent

63 2170 129 2218 oum
138 2156 261 2220 mediis
273 2155 450 2220 ordinatis
461 2156 622 2221 adfinem
635 2156 875 2238 spiritualem;
888 2157 952 2240 sic,
965 2175 1022 2222 ex.
1036 2176 1090 2240 gr.
1105 2175 1165 2223 res

63 2261 99 2324 ad
114 2264 292 2344 publicam
305 2264 498 2346 hygienem
518 2263 756 2346 respicientes
770 2265 943 2346 potestati
956 2265 1057 2330 cirili
1071 2282 1164 2330 com·

63 2371 184 2452 petunt,
202 2370 289 2452 quia
304 2369 580 2454 cnrahygienes
608 2369 779 2452 publicae
795 2371 1019 2436 estmateria
1052 2371 1096 2435 de
1125 2388 1164 2435 se

63 2478 269 2558 temporalis;
289 2479 352 2543 sed
371 2480 440 2543 etsi
457 2479 635 2560 ejusmodi
648 2481 881 2563 quaestiones
900 2480 946 2543 ad
972 2479 1080 2544 finem
1095 2479 1165 2563 spi-

64 2581 211 2650 ritualem
228 2603 303 2650 non
318 2586 539 2669 referantur,
562 2588 830 2669 conjunguntur
848 2589 970 2652 tamen
995 2603 1075 2651 cum
1095 2604 1165 2651 me·

64 2689 119 2754 diis
133 2692 175 2756 ad
192 2693 301 2757 finem
319 2693 456 2758 diversi
472 2694 608 2760 ordinis
626 2693 852 2778 ducentibus,
880 2695 931 2759 uti
964 2694 1164 2776 processio-

63 2797 162 2878 nibus,
182 2800 408 2882 depositione
425 2800 662 2884 cadaverum,
698 2802 900 2884 sepultura,
920 2801 1163 2884 coemeteriis,

65 2903 290 2972 functionibus
307 2909 423 2973 sacris
440 2913 605 2992 tempore
622 2909 735 2992 pestis
762 2909 823 2975 vel
841 2909 923 2973 aliis
937 2909 1164 2990 quibuscum·

65 3015 318 3097 quereligionis
332 3016 486 3098 publicis
505 3016 659 3100 actibus;
689 3017 741 3081 2.⁰
767 3016 905 3099 pariter
934 3015 1089 3081 inficiari
1106 3033 1164 3080 ne·

65 3120 127 3202 quit
141 3120 278 3187 Statum
295 3126 478 3206 potestate
494 3123 645 3208 propria
658 3141 737 3189 esse
752 3123 956 3206 praeditum
985 3125 1086 3207 loges
1114 3124 1164 3188 fe-

65 3229 149 3297 rendi
173 3232 271 3298 circa
298 3230 503 3314 hujusmodi
532 3232 704 3297 materias
737 3230 969 3314 temporales,
1005 3230 1091 3314 quia
1120 3229 1166 3295 ad

66 3339 156 3405 tinem
168 3341 407 3425 temporalem
436 3340 605 3421 attinent,
625 3342 662 3404 et
678 3338 801 3405 Status
819 3339 938 3404 civilis
968 3337 1013 3404 de
1030 3339 1166 3404 normis

66 3449 237 3514 servandis
270 3466 335 3531 pro
365 3465 408 3512 eo
435 3445 691 3530 consequendo
726 3447 808 3528 jure
846 3447 971 3510 nativo
1009 3445 1162 3527 judicat3

65 3551 108 3615 3.⁰
122 3555 258 3621 admitti
275 3556 385 3620 etiam
411 3558 556 3637 oportet
571 3555 673 3637 leges
703 3573 724 3617 a
754 3553 856 3619 Statu
874 3553 943 3618 hac
972 3552 1017 3618 de
1045 3569 1085 3617 re
1115 3552 1181 3616 la

66 3661 121 3744 tae,
147 3682 224 3730 cnm
252 3665 315 3728 fini
346 3663 528 3746 spirituali
556 3681 628 3728 non
658 3661 912 3741 adversentur,
942 3678 1009 3744 per
1042 3659 1165 3725 Eccle-

66 3767 139 3836 siam
155 3788 233 3836 esse
247 3770 511 3852 observandas,
528 3774 602 3835 tum
620 3769 704 3852 quia
721 3769 843 3834 nullus
859 3769 1049 3833 conflictus
1063 3767 1167 3832 adest

66 3873 135 3940 boni
149 3879 360 3962 temporalis
377 3896 458 3943 cum
476 3877 669 3961 spirituali,
690 3877 791 3958 cujus
805 3877 925 3959 gratia
953 3875 1043 3940 illud
1071 3878 1166 3959 post-

67 3979 176 4050 haberi
190 3987 252 4052 vel
268 3985 450 4051 contemni
466 4002 617 4050 necesse
636 3985 693 4066 sit,
713 3987 787 4048 tum
806 4000 948 4066 quoqne
984 3983 1068 4067 qnia
1101 3981 1166 4048 Ee·

68 4090 275 4159 clesiasnum
292 4096 400 4160 finem
417 4094 589 4178 prosequi
606 4093 722 4175 debet,
743 4093 829 4176 quin
846 4093 953 4157 finem
986 4097 1165 4175 tempora-

69 4195 128 4264 lem
142 4201 271 4285 absquc
286 4221 398 4268 causa
416 4203 693 4286 proportionata
709 4198 874 4266 offendat
891 4205 954 4265 aut
970 4199 1105 4265 laedat.

144 4307 246 4375 Hisce
262 4311 378 4376 tribus
392 4311 500 4376 factis
535 4309 809 4392 praestabilitis,
829 4308 1017 4392 quaeritur
1047 4307 1164 4388 modo,

1081 4417 1096 4466 a
