3034 4990
788 353 964 412 -316-

320 499 392 565 lico
416 496 650 564 societatibus
685 513 730 562 ex
771 497 961 581 reciproca
992 495 1138 584 justitia
1178 493 1433 560 incumbentia.

409 603 467 669 3.m
517 602 671 670 Societua
687 604 808 670 ordine
825 604 975 689 inferior
991 609 1123 668 tenetur
1130 601 1434 686 peritioedeaerci·

321 731 357 776 re
370 711 544 796 superiori
561 717 631 776 tum
645 712 780 776 ratione
797 712 864 792 eui,
881 731 983 794 quum
999 711 1134 774 ratione
1149 709 1386 774 membrorum:
1401 715 1436 770 ct

321 815 464 903 quidem
481 817 638 882 societas
652 815 778 881 ordine
795 815 956 898 inferior,
976 821 1155 899 quatenus
1174 817 1258 880 tatic
1270 825 1337 896 est,
1356 831 1434 898 prc-

321 924 483 1008 sequitur
501 941 545 988 ac
564 929 686 988 tuetur
705 923 835 988 bonum
854 926 983 1006 suapte
1007 925 1137 986 natura
1169 927 1206 985 ct
1233 921 1435 986 conditione

321 1030 484 1112 iniurius,
504 1029 658 1113 ideoque
675 1029 741 1094 sub
766 1029 834 1094 boc
851 1033 1022 1112 respectu
1038 1027 1217 1094 inservire
1250 1027 1356 1093 debet
1382 1045 1434 1091 so-

322 1135 447 1202 cietati
465 1137 591 1201 ordine
607 1135 799 1218 superiori,
832 1151 926 1218 quae
954 1132 1202 1218 promovendo
1219 1133 1313 1198 bono
1330 1150 1430 1216 prae-

322 1242 489 1308 stantiori
502 1249 538 1306 at
551 1241 666 1324 magis
679 1240 824 1306 sublimi
837 1239 1003 1322 interdiu
1015 1244 1192 1322 quatenus
1207 1257 1295 1305 vero
1308 1239 1435 1304 astccl·

322 1349 430 1442 lectio
467 1364 716 1431 personarum,
751 1363 844 1430 quas
876 1347 983 1413 simui
1028 1347 1214 1412 societatis
1243 1345 1434 1430 superioris

323 1455 472 1520 membra
489 1459 584 1535 aunt,
605 1452 712 1518 debet
729 1451 846 1517 eidem
873 1453 982 1516 ctiam
995 1453 1144 1537 positive
1160 1453 1302 1520 servire
1319 1453 1355 1518 in
1382 1452 1434 1534 iis,

326 1578 418 1645 quac
435 1560 500 1624 illa
513 1559 628 1642 exigit
642 1564 825 1642 tamquam
840 1559 1050 1624 neccssaria
1065 1559 1127 1624 fini
1140 1575 1218 1624 suo.

414 1665 627 1747 Hujusmcdi
643 1665 822 1748 principio
841 1665 1055 1730 enunciatur
1084 1665 1241 1730 cilicium
1253 1667 1435 1750 positivum

325 1777 361 1836 et
388 1788 576 1837 commune
600 1773 875 1858 justitiaeque
921 1771 1115 1838 societates
1151 1777 1274 1838 mutuo
1318 1771 1434 1838 devin-

326 1879 479 1944 ciuntur.

413 1985 471 2048 42³
522 1983 676 2050 Societas
687 1984 808 2051 ordire
833 1987 992 2070 superior
1004 1991 1137 2051 tenetur
1164 1984 1327 2071 inferiori
1341 1982 1434 2048 ouci-
1508 2015 1509 2018 ¹

325 2091 410 2156 lium
425 2091 520 2178 serre
532 2093 568 2156 iu
581 2092 626 2156 iis
644 2111 729 2175 quoe
737 2091 886 2176 proprio
899 2093 962 2178 fini
975 2091 1172 2158 necessarie
1187 2099 1279 2157 aunt:
1292 2107 1371 2155 nam
1384 2106 1434 2152 so·

327 2198 440 2262 cletas
458 2198 620 2280 interior,
656 2203 782 2280 utpote
814 2196 1051 2263 subordinate
1078 2197 1246 2263 societati
1277 2195 1432 2281 principi,
1508 2225 1509 2278 3

327 2305 437 2370 habet
453 2306 631 2369 rationem
650 2305 764 2388 medii,
783 2305 917 2387 quippe
935 2306 1012 2387 ejus
1037 2305 1117 2370 finis
1134 2304 1323 2371 ordinatur
1352 2309 1431 2368 tarn
1508 2313 1509 2318 ’

328 2430 436 2497 quam
454 2411 610 2476 medium
629 2411 797 2476 adfinem
813 2412 1001 2476 societatis
1019 2413 1231 2495 superioria3
1261 2429 1329 2495 age
1351 2411 1432 2493 jam,
1508 2477 1509 2480 ,

329 2519 470 2600 quoties
484 2523 520 2583 et
537 2525 715 2601 quatenus
729 2518 766 2583 id
790 2519 915 2601 exigat
931 2519 1024 2584 ratic
1043 2519 1182 2602 proprii
1209 2519 1303 2602 finis,
1332 2518 1433 2582 scoio-

329 2634 385 2693 tas
403 2626 574 2710 princeps
592 2626 760 2691 societati
776 2625 1036 2691 subordinatae
1063 2627 1239 2692 auxilium
1257 2631 1434 2709 praestare

329 2735 465 2819 poterit
481 2739 517 2798 et
533 2733 679 2798 debebit
695 2733 732 2797 in
750 2733 794 2797 iis
812 2733 988 2815 omnibus,
1008 2752 1102 2816 quae
1131 2735 1213 2817 plus
1242 2733 1303 2800 vel
1330 2733 1435 2798 minus

329 2843 493 2926 proxime
511 2847 774 2906 connectuntur
788 2859 868 2904 cum
887 2841 1011 2906 tutiori
1029 2847 1065 2906 et
1079 2842 1278 2908 efficaciori
1295 2841 1348 2905 sui
1363 2839 1434 2903 fiuts

330 2950 571 3014 assecutione.

419 3055 604 3137 EJusmodi
622 3057 839 3140 principium
870 3056 1026 3122 osticium
1038 3058 1228 3141 positivum
1245 3073 1292 3121 ex
1309 3057 1362 3121 eui
1384 3074 1435 3119 ua·

332 3170 411 3230 ture
429 3163 662 3228 societatibus
676 3164 841 3246 obligans
859 3163 1032 3228 continet.

421 3269 478 3334 53³
534 3271 685 3354 Utroque
710 3275 855 3339 societur
872 3280 1005 3338 teuetur
1031 3274 1135 3340 alteri
1161 3295 1257 3358 opem
1279 3275 1373 3360 ferre
1400 3289 1435 3334 ec

332 3380 512 3460 charitate,
532 3381 679 3465 etjurcto
709 3381 797 3466 lepor
824 3381 963 3467 hujusce
988 3383 1140 3447 uirtutis:
1167 3383 1334 3464 quamvis
1353 3377 1434 3444 enim

333 3488 526 3552 societates
544 3488 731 3569 perfectae
745 3495 780 3552 et
796 3489 1009 3571 inaequales
1027 3488 1118 3552 nihil
1136 3489 1206 3553 sibi
1218 3488 1374 3571 positive
1387 3485 1435 3548 de·

333 3595 445 3660 beant
462 3611 507 3658 ex
520 3594 663 3676 justitia
691 3599 726 3660 et
751 3595 869 3660 officio
888 3596 1054 3660 absoluto
1072 3613 1135 3660 seu
1154 3613 1200 3660 ex
1214 3613 1314 3660 mera
1331 3607 1436 3660 rarum

334 3709 477 3782 natura,
496 3700 560 3766 sed
574 3707 714 3768 tantum
729 3703 847 3767 cilicio
871 3703 1104 3785 hypothetico
1130 3719 1193 3767 seu
1212 3703 1329 3786 posito
1347 3698 1435 3765 titulo

335 3811 456 3894 aliquo
471 3811 715 3898 contingente,
731 3817 852 3876 tamen
867 3813 1023 3876 societas
1040 3811 1230 3876 dominans
1243 3809 1374 3894 poterit
1385 3803 1435 3870 ali-

337 3915 479 3998 quando
498 3922 644 3999 praeter
662 3917 916 3982 necessitatem
931 3917 1011 3982 finis
1026 3917 1082 3982 sui
1099 3917 1277 4000 obstringi
1292 3935 1336 3982 ex
1353 3910 1436 3980 moti·

337 4040 384 4088 vo
402 4023 591 4087 eharitatis
619 4023 664 4088 ad
693 4023 939 4107 praebendum
958 4024 1125 4090 societati
1149 4026 1326 4092 servienti
1340 4019 1435 4089 subsi-

339 4129 447 4212 dium,
467 4130 552 4212 quia
569 4131 728 4196 charitas
758 4149 881 4196 omnes
900 4133 1038 4215 obligat
1069 4136 1144 4198 tum
1173 4134 1353 4216 aequales,
1373 4135 1436 4194 tum

339 4234 564 4320 inaequales,
581 4241 689 4319 prout
706 4238 767 4302 uui
798 4237 907 4302 fuerit
923 4239 1123 4306 necessitas
1153 4244 1190 4305 ct
1205 4239 1311 4305 alteri
1340 4233 1434 4304 facul·
