3034 4990
795 389 830 400 -
856 356 972 413 285-

323 500 416 564 libus
433 517 629 582 connexas3
650 506 758 583 atque
776 518 820 578 ex
838 505 942 582 parte
960 498 1146 563 Ecclesiae
1175 500 1286 563 etiam
1315 501 1427 583 exqui-

323 608 381 688 rit,
403 607 554 690 utleges
573 608 718 672 aliunde
746 607 888 694 justas„
912 606 1016 670 utiles
1053 606 1109 670 vel
1140 606 1365 670 necessarias
1390 607 1430 668 ab

324 715 541 778 alletoritate
560 715 658 780 civili
675 716 711 778 in
730 715 855 779 ordine
873 714 1064 796 temporali
1082 714 1179 777 latas
1205 731 1295 795 prae
1328 714 1431 777 oculis

323 821 457 886 habeat
473 827 509 886 et
526 830 752 901 revereatur,
768 821 911 905 quando
929 838 995 903 pro
1014 838 1077 883 suo
1094 821 1164 883 fine
1178 820 1369 883 obtinendo
1382 838 1429 882 sn-

323 945 391 1010 pra
408 947 465 993 res
482 929 692 1011 spirituales
717 946 797 993 cum
818 928 1078 1009 temporalibus
1113 927 1219 990 simul
1253 927 1432 1008 copulatas

323 1041 522 1119 praecepta
539 1037 646 1100 edere
661 1042 900 1118 opportunum
916 1035 1037 1099 ducat.

429 1143 581 1207 Demum
625 1144 840 1207 relationem
881 1141 1186 1222 independentiae
1218 1140 1434 1204 occidentalis

324 1250 553 1332 appellamus
572 1268 650 1313 eam
665 1250 907 1314 conditionem
923 1249 1128 1331 jnridicam,
1148 1248 1184 1310 in
1203 1266 1274 1329 qua
1291 1247 1433 1310 forsitan

323 1357 480 1421 inveniri
494 1364 645 1440 possunt
658 1366 731 1421 tarn
756 1357 920 1421 Ecclesia
939 1375 1045 1437 <luam
1080 1355 1202 1420 Status
1231 1355 1278 1418 ad
1311 1373 1433 1435 cogno-

252 1474 255 1486 '
324 1464 471 1545 scenda,
497 1464 694 1545 Judioanda
721 1472 756 1527 et
786 1463 987 1527 dirimenda
1015 1462 1191 1545 quaedam
1220 1462 1365 1543 negotia
1382 1460 1434 1523 vel

325 1589 467 1651 causas,
486 1589 557 1634 non
571 1572 654 1651 jure
667 1571 813 1653 proprio
832 1574 867 1634 et
884 1571 1021 1649 natiso,
1037 1569 1101 1632 sed
1113 1568 1356 1652 peracoideos,
1372 1567 1433 1629 hoc

325 1679 392 1757 est,
412 1678 546 1740 virtute
564 1678 814 1758 delegationis,
834 1676 1078 1739 concessionis
1108 1675 1168 1738 vel
1194 1673 1366 1753 mandati,
1383 1691 1434 1735 res

326 1783 546 1848 moderando
577 1802 621 1849 ac
666 1782 951 1866 praescribendo
979 1781 1231 1861 jnrisdictione
1264 1781 1432 1858 attributo,

326 1890 403 1953 sine
433 1890 604 1953 continua
621 1891 877 1971 impetratione
895 1906 1092 1952 consensus
1111 1894 1173 1951 aut
1207 1889 1338 1951 veniae
1355 1887 1434 1948 alte·

325 1995 399 2059 rius
418 1997 622 2078 potestatis,
654 1997 769 2060 donec
787 1995 960 2077 perduret
978 2001 1120 2076 tempus
1151 1992 1388 2074 delegationis
1404 1997 1435 2054 et

322 2104 430 2184 Juxta
449 2121 655 2168 mensuram
673 2104 869 2186 privilegii,
890 2102 1123 2183 mandatique
1138 2100 1394 2163 extensionem.

416 2211 491 2275 179.
541 2211 697 2274 Primum
716 2211 852 2292 itaque,
872 2228 916 2272 ne
949 2208 1140 2272 videamur
1170 2225 1270 2270 more
1299 2206 1434 2270 scholae

326 2325 388 2381 aut
401 2318 625 2400 praejudicio
645 2318 800 2399 partium
822 2317 953 2397 abripi,
969 2316 1126 2397 probare
1145 2313 1361 2377 intendimus
1388 2329 1434 2373 so-

326 2425 497 2487 cietatem
515 2425 658 2487 civilem
677 2442 757 2488 esse
774 2425 925 2487 absolate
941 2421 1250 2502 independentem
1273 2421 1307 2482 in
1339 2418 1435 2482 rebus

326 2549 413 2594 suae
427 2532 638 2595 exclusivae
652 2531 930 2612 competentiae.
944 2530 1164 2593 Exclusivae
1179 2526 1434 2608 competentiae

326 2640 511 2703 societatis
540 2640 658 2703 civilis
687 2639 963 2702 denominantur
996 2655 1054 2700 res
1087 2657 1177 2701 ruere
1211 2633 1431 2716 temporales,

328 2764 420 2829 quae
444 2745 580 2810 directe
599 2753 634 2808 et
653 2747 756 2809 unice
789 2745 897 2807 statui
927 2749 1149 2825 competunt,
1186 2747 1363 2825 quatenus
1381 2736 1434 2800 fini

328 2854 519 2935 temporali
539 2853 761 2916 deserviunt.

395 2960 471 3039 Age
486 2960 573 3040 Jam,
589 2959 723 3040 triplici
738 2961 961 3039 argumento,
976 2956 1156 3035 nimirum,
1171 2973 1218 3018 ex
1231 2955 1369 3016 ratione
1382 2968 1433 3013 na·

329 3066 449 3146 turali,
469 3066 720 3129 ecclesiastica
738 3064 933 3127 traditione
948 3069 984 3125 et
1001 3064 1194 3144 pontificiis
1227 3060 1435 3125 constitutio·

329 3175 432 3236 nibus
465 3174 642 3255 perfacile
677 3171 879 3235 ostenditur
910 3171 1076 3234 societati
1111 3170 1212 3233 civili
1242 3170 1360 3231 inesse
1387 3167 1436 3247 jus

329 3281 515 3361 proprium
533 3288 568 3343 et
593 3279 818 3342 exclusivum
838 3277 881 3340 de
909 3277 1016 3340 rebus
1047 3276 1308 3358 temporalibus
1332 3274 1435 3354 dispo·

330 3387 451 3464 nendi,
473 3386 723 3468 praecipiendi
743 3391 851 3466 atque
869 3382 1100 3463 decernendi,
1133 3383 1199 3446 sub
1216 3387 1381 3463 respectu
1405 3377 1435 3439 fi-

329 3495 384 3557 nis
403 3493 614 3575 temporalis
643 3493 844 3574 perpensis,
865 3490 933 3554 hoc
950 3501 1016 3570 est,
1037 3494 1215 3571 quatenus
1240 3507 1357 3572 neque
1385 3484 1436 3548 fini

330 3602 510 3681 spirituali
539 3601 696 3677 obstant,
731 3616 846 3679 neque
875 3615 940 3680 pro
958 3614 1000 3660 eo
1033 3598 1265 3660 necessariae
1297 3596 1342 3659 ab
1369 3596 1436 3674 ipsa

331 3707 496 3771 Ecclesia
505 3706 725 3787 judicantur.

421 3814 578 3877 Ratione.
626 3811 726 3873 Inter
740 3809 886 3890 regulas
895 3808 1270 3891 juridico-naturales,
1286 3826 1372 3891 quas
1384 3804 1436 3867 ali-

249 3956 251 3960 ·
333 3916 368 3979 bi
395 3919 442 3995 (1)
457 3919 702 3980 recensuimus
721 3934 784 3997 pro
821 3915 1093 3979 determinanda
1126 3918 1329 3998 quantitate
1351 3917 1436 3995 pote-

333 4023 437 4083 statis
466 4026 623 4104 sccialiS,
657 4040 811 4103 sclfluens
826 4024 1016 4084 statuimus
1044 4022 1278 4104 principium:
1309 4020 1438 4086 sociatos

405 4268 442 4329 (1)
479 4267 543 4318 Vid.
557 4266 625 4332 Cap.
643 4270 682 4330 ll,
695 4276 745 4320 art.
759 4269 810 4324 lll.
