3030 4990
485 339 693 420 '-sr-

71 510 246 574 decernunt
264 512 301 573 et
317 507 436 572 adhuc
445 508 491 572 ab
502 505 879 572 excommunicatione
894 503 1089 568 absolvunt
1107 503 1171 569 Re·

70 634 119 696 ges
132 615 328 698 Hispaniae
357 615 423 679 sub
441 614 687 680 dominatione
705 609 919 695 Gothorum,
938 614 992 677 sic
1009 629 1074 694 per
1091 629 1173 696 par-

70 731 112 785 tes
127 721 395 805 respondemus,

141 827 263 910 Quoad
294 830 543 911 assistentiam,
577 829 607 894 si
640 827 804 911 quaestio
838 830 894 891 est
926 824 971 890 de
1003 822 1174 891 Conciliis

69 936 245 1019 Toletanis,
277 955 371 1020 quae
388 953 435 1001 ex
463 940 588 1000 nostra
616 934 799 1000 sententia
831 933 977 998 minime
1007 931 1176 998 habenda

71 1049 138 1107 sunt
162 1051 344 1126 tamquam
362 1042 516 1109 Comitia
534 1059 601 1107 nec
619 1042 731 1123 Regia
761 1039 936 1122 Concilio,
968 1040 1032 1104 sed
1060 1039 1175 1105 veluti

72 1147 184 1215 Coetus
200 1169 288 1218 vere
315 1149 567 1216 Ecclesiastici
585 1151 645 1232 (1),
662 1149 760 1232 apud
792 1165 917 1213 omnes
949 1151 1174 1230 compertum

72 1262 115 1319 est
130 1262 260 1323 tantum
290 1257 492 1341 Episcopos
521 1273 739 1321 concurrere
758 1273 877 1338 posse,
897 1273 978 1320 cum
995 1255 1039 1320 de
1056 1256 1175 1320 causis

72 1365 238 1447 religionis
256 1371 294 1430 et
322 1366 431 1432 rebus
459 1365 718 1430 ecclesiasticis
752 1364 1053 1448 pertractandum
1082 1365 1174 1444 erat,

72 1471 178 1555 eisque
193 1473 415 1538 solummodo
433 1473 553 1537 inesse
566 1470 626 1554 jus
643 1472 698 1536 his
716 1488 826 1553 super
858 1471 1013 1552 negotiis
1045 1486 1176 1552 cogno·

72 1580 189 1661 scendi,
203 1579 419 1646 discutiendi
433 1585 543 1663 atque
558 1577 760 1659 decidendi3
775 1578 860 1642 hinc
874 1598 895 1642 a
910 1578 1070 1642 Romano
1084 1576 1174 1641 Pon-

71 1686 152 1751 tifice
166 1689 410 1771 per'Vicarios
427 1688 657 1771 Apostolicos
672 1687 988 1770 praesidebantur,
1008 1687 1059 1749 uti
1073 1685 1175 1750 Tole-

71 1802 143 1858 tana
158 1795 207 1860 III
224 1801 259 1862 et
275 1795 325 1862 IV
355 1796 420 1861 sub
438 1795 498 1862 sS.
528 1794 687 1860 Leandri
704 1799 740 1859 et
769 1792 900 1858 Isidori
929 1793 1177 1876 praesidentia

73 1901 249 1984 celebrata;
265 1903 351 1968 hinc
368 1903 654 1986 quibuscumque
671 1901 788 1984 isicia,
819 1902 929 1965 etlam
947 1899 1176 1982 Magnetibus

74 2007 212 2092 ipsisque
230 2010 388 2093 Regibus
406 2010 583 2075 adsistere
601 2009 811 2090 vetabatur,
837 2007 982 2091 quando
995 2008 1176 2089 huJusmo-

75 2113 234 2182 dicansae
251 2117 463 2200 spirituales
481 2115 682 2182 solvendae
706 2119 841 2195 essent;
875 2115 928 2179 ita
961 2113 1113 2195 contigit
1139 2115 1176 2178 in

75 2219 223 2290 Oonciliis
239 2225 288 2292 VI
307 2244 351 2290 ac
380 2225 426 2307 X,
446 2225 506 2290 ubi
523 2224 690 2307 agendae
709 2228 816 2290 erant
833 2241 968 2287 causae
1000 2221 1177 2286 Marciani
1256 2249 1262 2258 ·

76 2329 248 2414 Astigitani
281 2337 318 2398 et
355 2333 512 2398 Potamil
543 2333 821 2412 Bracharensis;
847 2331 931 2395 hinc
964 2330 1106 2395 demum
1140 2329 1177 2392 in

76 2435 229 2506 Toletano
248 2439 366 2522 XVII,
385 2459 467 2506 can.
486 2439 696 2505 Istatutum
714 2444 781 2505 est:
800 2439 1062 2522 itibusprimis
1075 2437 1177 2522 hujus

75 2549 192 2613 concilii
210 2550 339 2632 diebus,
348 2552 489 2637 jejunio
497 2558 736 2635 percurrente,
756 2551 796 2614 de
815 2549 978 2635 mysterio
994 2549 1179 2614 Sanctissi-

75 2673 135 2716 mae
148 2655 338 2738 Trinitatis,
359 2664 390 2722 et
403 2658 444 2722 de
457 2657 540 2722 aliis
551 2657 632 2744 fidei
650 2657 866 2742 dopmatc'bus
897 2654 1106 2740 confitendis,
1136 2652 1178 2716 de

75 2763 205 2828 moribus
230 2765 447 2831 sacerdotum
466 2765 690 2850 corripeudr's,
716 2765 768 2828 vel
796 2766 913 2828 curicis
937 2761 1176 2846 ecpedterutis,

76 2879 200 2934 suumn
214 2885 480 2938 suncunsnruu
494 2887 731 2954 ussrsrnurn,
750 2871 963 2938 solummodo
994 2869 1176 2955 apeudum,

77 2978 304 3044 constituerunt
321 2981 455 3057 Patres,
473 3000 666 3064 decemper
699 2979 860 3062 deinceps
892 2977 1178 3044 obseruandum...

151 3081 278 3150 Verum
297 3089 352 3150 est
368 3087 537 3169 equidem
554 3087 684 3168 RegeS,
705 3086 812 3150 rebus
838 3085 1097 3149 ecclesiasticis
1125 3101 1180 3148 se·

78 3188 137 3252 mel
151 3189 312 3276 definitis,
335 3213 400 3278 pro
419 3195 575 3277 negotiis
594 3193 856 3276 temporalibus
874 3211 953 3257 cum
967 3191 1178 3258 Monarchia

79 3298 256 3378 etpolitica
272 3299 389 3384 Regni
416 3301 676 3365 constitutione
704 3299 907 3380 conjunctis
941 3298 1179 3364 decernendis

80 3399 230 3473 Conciliis
244 3409 415 3490 adfuisse,
429 3427 571 3474 necnon
590 3409 791 3491 Episcopos
809 3410 994 3490 tamquam
1012 3406 1179 3488 egregios

80 3507 295 3581 Consiliarios
312 3521 528 3584 reverenter
546 3515 702 3599 audisse,
722 3515 783 3598 qui
800 3518 897 3596 tune,
934 3513 1178 3577 concurrenti·

80 3615 134 3682 bus
146 3623 243 3688 simul
257 3623 501 3708 Optimatibus
519 3625 566 3688 ad
582 3625 717 3706 Regem
736 3622 880 3706 publico
906 3621 1043 3686 honore
1057 3638 1178 3704 prosc·

81 3730 250 3818 quendum,
269 3735 445 3814 maj0rem
463 3732 590 3800 Coetui
620 3732 853 3816 splendorem
886 3730 1114 3796 tribuendum
1145 3734 1182 3794 et

81 3833 141 3900 vim
156 3841 392 3906 extrinsecam
414 3841 570 3906 decretis
589 3839 825 3922 reddendam,
846 3839 896 3902 uti
914 3840 991 3922 ipse
1018 3837 1063 3904 D.
1097 3837 1116 3902 J
1121 3857 1179 3902 oa·

82 3942 160 4020 quim
173 3945 385 4015 rranoisous
399 3949 578 4031 Pacheeo,
594 3948 680 4013 licet
694 3947 791 4012 haud
805 3946 932 4030 paucis
946 3945 1180 4030 praejudiciis

85 4087 125 4098 ..,,

139 4203 173 4266 (ll
206 4207 268 4260 Vid.
293 4211 419 4260 nostram
441 4203 671 4261 introductionem
691 4208 721 4261 iu
743 4209 799 4262 ths
820 4206 1050 4272 Ecclesiasticus,
1072 4203 1182 4271 capll,

84 4274 123 4324 art.
135 4271 277 4342 Xll,num.
296 4279 355 4334 178.
