3120 4988
574 397 714 458 ,5-
820 422 826 428 -

99 543 190 623 juxte
204 559 346 610 sensum
360 543 558 630 formalem,
587 544 803 610 materialem
835 544 896 610 vel
920 543 1075 630 leaalem,
1096 562 1202 628 quem

101 651 132 713 in
152 652 240 716 omni
252 652 334 732 jure
352 651 524 734 detegere
548 651 604 716 ias
634 656 701 736 est,
721 652 842 736 operis
862 651 1017 734 pretinm
1039 652 1201 717 ducimus

100 758 274 823 nonnullas
290 759 372 824 heic
387 759 569 841 subjicere
598 758 827 824 definitiones
845 759 891 824 ad
923 777 1051 825 veram
1081 777 1202 826 rerum

100 865 264 930 notionem
276 865 564 949 praefiniendam
591 869 628 930 et
641 866 830 932 meliorem
848 866 1084 932 dicendorum
1098 864 1201 931 intei-

99 971 267 1054 ligentiam
285 974 564 1059 assequendam.

194 1081 256 1146 Jns
287 1081 475 1147 Publicum
509 1081 807 1146 Ecclesiasticum
838 1095 1082 1147 Fonnsnrrnn
1109 1097 1200 1147 snm-

99 1190 184 1268 ptum
196 1195 259 1253 est:
280 1211 345 1274 quo
356 1191 483 1277 aaudet
495 1188 654 1256 Ecclesia
670 1197 849 1274 tamquam
873 1191 1019 1256 societas
1031 1191 1201 1276 perfecta,

98 1311 152 1359 seu
166 1297 359 1382 complemus
373 1298 582 1382 facultatum
595 1298 782 1364 moralium
797 1296 934 1382 aycardi,
950 1297 1128 1364 omittendi
1140 1301 1202 1360 aut

99 1403 240 1488 eaiaeadi
256 1403 434 1470 Ecclesiae
454 1407 715 1490 competentiam
732 1413 769 1470 ul
785 1405 941 1470 societati
950 1404 1107 1490 juridice
1120 1423 1200 1487 per·

98 1509 205 1590 fectae·
220 1524 515 1576 MATERIALITER:
535 1513 732 1598 complemus
750 1532 867 1577 eorum
884 1511 930 1576 ad
949 1531 1035 1594 qaae
1052 1510 1198 1596 casada,

98 1617 266 1683 omittenda
283 1625 347 1683 aut
378 1619 546 1705 eaiqemla
560 1620 764 1706 facultatem
789 1619 953 1683 moralem
970 1617 1068 1682 tabet
1084 1615 1200 1682 Eccle-

97 1723 144 1786 sia
158 1725 255 1790 ueluti
267 1727 579 1812 societasjuridice
603 1726 775 1813 perfecta;
810 1737 1037 1789 LEGALITER:
1057 1724 1199 1809 comple·

97 1850 153 1894 ecus
163 1831 278 1916 haum,
299 1835 421 1916 quibas
438 1835 542 1900 totius
559 1833 738 1900 Ecclesiae
764 1836 903 1917 eiusque
930 1839 1102 1898 rectorum
1110 1834 1201 1918 jura

98 1943 123 2000 et
136 1937 241 2024 officia
253 1941 541 2007 determinaretur.

172 2045 202 2110 l.
248 2045 423 2127 Quamvis
440 2048 484 2114 de
498 2049 519 2114 J
522 2066 586 2112 ure
594 2047 747 2122 ,Privato
761 2047 962 2129 Ecclesiae,
978 2047 1085 2112 hodie
1103 2046 1200 2130 apud

97 2167 205 2217 omnes
240 2155 417 2220 canonico
447 2159 668 2238 nuncupato,
709 2155 889 2220 disserere
921 2154 1026 2219 nobis
1054 2155 1200 2220 minime

96 2258 266 2345 incumbit,
281 2267 318 2327 st
330 2263 492 2346 alioquin
509 2263 676 2328 diversas
691 2262 1100 2344 eJusdenominationeS,
1120 2279 1198 2326 sen·

96 2381 198 2431 susac
215 2368 412 2435 divisiones
429 2369 466 2435 in
495 2373 621 2434 nostra
649 2370 908 2436 introductione
936 2369 983 2434 aei
1009 2369 1075 2434 Jae
1102 2367 1199 2433 Ecle-

96 2475 258 2542 siaeticam
274 2477 364 2542 satis
378 2478 666 2560 enucleavimus;
682 2483 816 2558 temen,
835 2493 881 2540 ne
895 2476 939 2540 de
956 2476 1026 2540 hac
1043 2492 1083 2540 re
1100 2493 1199 2558 pror·

96 2595 145 2645 sns
161 2581 216 2648 hie
228 2589 429 2666 taceamus,
444 2586 652 2668 generalem
685 2583 863 2666 ejusmodi
890 2583 983 2665 juris
1014 2583 1200 2648 notionem

96 2683 230 2756 innuere
245 2691 417 2758 sufficiat.

171 2795 231 2864 Jue
247 2798 436 2865 Privatum
452 2798 751 2865 Ecclesiasticum
769 2799 898 2864 crebro
916 2802 1082 2864 vocatur:
1111 2817 1197 2862 com-

91 2901 204 2982 ptam
214 2905 326 2992 lecum
338 2906 461 2991 quibus
476 2908 614 2992 tinnula
627 2907 802 2972 societatis
820 2905 1031 2972 christianae
1047 2905 1198 2970 membra

97 3009 278 3096 diriyaatar
294 3013 342 3078 ad
354 3013 458 3101 finem
471 3015 731 3098 assequendum.

98 3147 105 3158 =
169 3117 200 3182 8.
233 3118 317 3184 Sed
333 3121 365 3185 si
381 3120 447 3184 sub
464 3122 573 3186 unica
590 3126 626 3186 et
654 3119 836 3186 communi
859 3118 1068 3184 definitione
1102 3137 1196 3184 com-

96 3223 253 3300 prehendi
269 3228 424 3294 velimus
439 3228 506 3294 Jus
522 3229 818 3308 Ecclesiasticam‚
843 3227 921 3292 sive
938 3227 1134 3309 publicum,
1153 3227 1197 3290 si-

96 3334 339 3417 venditatum,
357 3337 408 3399 ita
425 3353 505 3400 cum
536 3335 674 3400 Emmo.
694 3334 868 3416 Tarquini
886 3333 1028 3397 definiri
1058 3337 1195 3415 posset:

95 3447 225 3520 systema
240 3444 364 3529 haum,
380 3444 501 3527 quibus
517 3442 676 3509 Ecclesia
691 3441 819 3510 Christi
832 3443 1029 3523 ordinatur,
1062 3448 1100 3505 ut
1131 3443 1198 3505 rite

96 3559 295 3617 conaremur
324 3553 491 3640 finemque
516 3553 704 3638 propriam
737 3557 976 3634 consequatur.
1011 3547 1197 3628 Quatenus

95 3648 180 3735 leges
196 3659 408 3724 societatem
425 3659 715 3724 ecelesiasticam
733 3658 915 3738 ordinant,
931 3660 970 3720 nt
982 3663 1069 3738 apto
1088 3673 1195 3719 morn-

96 3757 224 3830 brorum
240 3766 367 3831 ordine
383 3767 431 3831 sit
447 3767 657 3846 constituta,
684 3765 862 3847 simulque
894 3763 1033 3827 viribus
1067 3763 1115 3828 ed
1142 3779 1195 3826 se-

96 3871 268 3954 metipsam
307 3873 599 3939 conservandam
632 3873 811 3955 finemque
840 3888 942 3936 suum
975 3887 1195 3952 consequen-

96 3970 165 4041 dum
181 3980 465 4064 proportionatie
479 3980 718 4064 praemissit,
737 3979 759 4042 J
763 3996 802 4042 ns
814 3978 994 4064 publicam
1020 3977 1195 4057 efficiunt3

96 4091 187 4160 prout
201 4105 289 4154 vero
307 4107 374 4172 per
389 4090 458 4155 hoc
490 4097 652 4172 systema
679 4088 799 4169 legum
818 4085 1021 4166 diriguntur
1053 4083 1197 4165 singule

96 4194 239 4261 membra
252 4199 440 4263 societatis
473 4197 706 4278 christianae,
738 4200 776 4259 nt
801 4193 1057 4276 praestitutum
1090 4191 1197 4254 finem

96 4311 331 4388 assequantur,
351 4306 505 4388 emergit
517 4303 539 4368 J
543 4321 583 4368 us
591 4305 783 4388 priuatum.
