3146 4980
803 389 979 448 -.430-

328 534 493 598 omnibus
508 533 751 598 testimonium
769 533 971 614 laudamus,
987 533 1181 614 praeclara
1197 539 1234 596 et
1265 533 1466 597 loculenta

329 641 457 720 verbu,
477 657 571 722 quse
590 639 745 704 Sanctus
764 639 904 720 Mactys
921 639 1096 702 irenaeus
1114 640 1158 703 de
1188 639 1352 704 Ecclesia
1389 639 1465 702 Ro-

329 765 447 827 mans,
468 748 525 810 coi
544 745 669 810 divina
698 746 935 827 dispositione
962 751 1109 827 praeest
1142 745 1306 810 Summus
1334 745 1465 810 Ponti-

328 856 403 934 fex,
423 853 574 936 loquens
588 853 639 916 its
657 853 820 935 protulit:
837 851 893 916 Ad
917 853 1004 916 itane
1037 855 1127 918 enim
1158 853 1352 917 Ecclesiam
1370 873 1464 936 pro·

328 969 406 1042 pter
416 961 641 1044 patentiorem
656 960 956 1042 principalitatem
970 971 1132 1022 deesses
1149 973 1217 1024 EST
1234 979 1365 1024 ornnem
1378 980 1464 1024 con·

329 1068 445 1130 uenire
475 1065 679 1144 Ecclesiam,
698 1065 758 1129 loc
784 1072 842 1146 est,
872 1087 927 1130 eos
946 1068 1005 1149 qui
1037 1075 1117 1131 sunt
1144 1066 1295 1150 undique
1321 1067 1462 1152 fideles,

329 1179 391 1236 etc.
413 1171 472 1254 (1).

419 1277 470 1342 3.⁰
516 1277 773 1344 Ecclesiasticis
817 1279 1096 1363 Definitionibus:
1138 1277 1333 1343 Notissima
1371 1287 1466 1344 sunt

332 1383 541 1466 dogmatice
572 1385 775 1449 Florentini
800 1390 836 1448 et
864 1385 1034 1450 Vaticani
1058 1384 1211 1450 Consilii
1224 1384 1373 1450 decreta
1386 1387 1465 1450 hac

329 1509 439 1574 super
458 1509 510 1572 re,
531 1509 624 1574 quae
638 1492 719 1555 heic
739 1509 804 1573 pro
818 1491 984 1572 juvanda
1001 1492 1176 1556 memoria
1190 1492 1461 1573 subjungimus.

419 1597 619 1662 Florentini
653 1597 779 1660 Patres
817 1602 1030 1661 sanxerunt:
1067 1599 1260 1684 Definimus
1290 1596 1464 1663 Sanctam

330 1703 564 1787 Apostolicam
578 1703 710 1781 Sedere,
731 1710 762 1767 et
782 1702 976 1768 Romanum
994 1703 1191 1789 Pontificem
1203 1705 1239 1766 in
1257 1704 1464 1768 uniuersum

329 1814 443 1878 arbem
458 1820 569 1876 tenere
580 1814 783 1895 primatum,
818 1819 850 1876 et
888 1813 1003 1896 ipsum
1035 1812 1233 1898 Pontificem
1261 1811 1463 1876 Romanam

328 1939 556 1984 successorem
573 1939 643 1982 esse
660 1918 750 1982 beati
768 1919 874 1995 Petri,
889 1918 1068 2002 principis
1081 1917 1336 2002 Apostolorum,
1357 1925 1390 1982 et
1401 1939 1461 1982 ee-

330 2047 407 2091 ram
427 2023 752 2105 ChristiVicarium‚
773 2026 940 2107 totiusque
954 2023 1130 2089 Ecclesiae
1144 2033 1248 2108 caput
1260 2032 1291 2088 et
1303 2025 1463 2088 omnium

329 2133 597 2197 christianorum
611 2139 749 2214 patrem
763 2151 803 2195 ac
821 2131 991 2195 doctorem
1009 2133 1167 2210 existere,
1188 2139 1220 2196 et
1242 2133 1312 2214 ipsi
1329 2131 1366 2194 in
1379 2131 1461 2194 bea·

330 2245 363 2303 to
380 2239 482 2303 Petra
495 2239 674 2322 poscendi,
689 2237 829 2320 rependi
847 2257 887 2302 ac
902 2238 1117 2321 padernandi
1134 2238 1362 2302 universalem
1388 2235 1460 2299 Ec-

329 2345 470 2408 clesiam
487 2365 507 2408 a
526 2345 674 2408 Domino
693 2351 808 2408 nostro
824 2341 908 2406 Jesu
932 2341 1067 2408 Christo
1080 2345 1224 2427 plenam
1249 2349 1461 2428 potestatem

331 2451 498 2512 traditam
517 2471 602 2528 esse·
620 2449 904 2531 queamdmodum
921 2451 1024 2514 etiam
1041 2451 1078 2513 in
1106 2451 1209 2533 pestis
1227 2449 1459 2515 oecumenico-

330 2575 407 2618 rum
428 2553 660 2620 Consiliorum
674 2563 706 2618 et
720 2556 756 2618 in
772 2557 886 2620 sacris
903 2557 1090 2620 canonibus
1114 2557 1308 2621 continetur
1325 2555 1386 2635 (2).

419 2659 779 2742 VaticanuSynodus
809 2662 845 2726 in
879 2659 1147 2725 Constitutione
1179 2662 1386 2743 dogmatice
1413 2662 1460 2725 de

329 2771 487 2836 Ecclesia
508 2765 635 2835 Christi
653 2773 847 2849 sequentes
864 2767 976 2832 edidit
994 2785 1166 2832 canones:
1192 2767 1231 2833 st
1244 2769 1323 2852 puis
1347 2770 1461 2854 ipisus

330 2878 474 2955 dicerit,
490 2877 624 2939 beatum
638 2875 777 2939 Petrum
810 2872 1013 2958 Apostolum
1026 2897 1048 2939 a
1063 2873 1199 2941 Christo
1213 2875 1365 2940 Domino
1380 2896 1460 2941 con·

328 2985 485 3046 stitutum
504 3003 572 3046 noa
588 3003 659 3046 esse
675 2981 918 3066 Apostolorum
935 2983 1086 3046 omnium
1093 2983 1292 3066 principem
1306 2989 1337 3046 et
1351 2985 1462 3048 tatius

329 3089 505 3152 Ecclesiae
520 3090 701 3153 militantis
716 3089 848 3152 visibile
862 3094 978 3171 caput;
995 3089 1046 3152 ael
1061 3089 1215 3153 eumdem
1227 3089 1369 3154 honoris
1383 3096 1462 3154 tan·

331 3202 415 3274 tum,
430 3215 497 3259 non
512 3201 625 3258 autem
640 3195 738 3258 uerae
748 3196 982 3278 propriaeque
995 3195 1252 3278 jurisdictionis
1259 3197 1463 3279 primatum

329 3301 501 3366 abeodem
518 3302 667 3366 Domino
684 3307 800 3366 iiostro
813 3301 898 3365 Jesu
917 3299 1051 3366 Christo
1076 3302 1204 3366 directe
1221 3309 1252 3366 et
1268 3303 1464 3367 inmediate

329 3409 516 3490 accepisse·
533 3407 714 3472 anatliema
731 3409 776 3473 sit
790 3409 851 3488 (3).
867 3409 1008 3472 Deinde
1021 3410 1058 3474 in
1076 3410 1204 3476 eadem
1222 3409 1463 3476 constitutio-

330 3530 388 3575 ne:
407 3511 535 3596 Siquis
551 3514 666 3595 itaque
699 3514 841 3595 dicerit,
875 3515 1070 3580 Romanum
1102 3517 1299 3602 Pontificem
1332 3515 1464 3582 liabere

330 3619 563 3684 tantummodo
577 3619 728 3704 officium
743 3621 967 3703 inspectionis
997 3623 1049 3686 oel
1067 3622 1279 3704 directionis,
1310 3643 1382 3688 non
1400 3645 1463 3688 aa·

331 3731 395 3788 tem
407 3725 595 3808 plenumst
610 3743 808 3807 supremam
819 3734 1024 3810 potestatem
1044 3728 1309 3814 jurisdictionis
1327 3729 1367 3792 in
1382 3730 1464 3794 uni·

333 3913 517 3922 ——--——-·

403 4057 439 4122 (1)
475 4057 536 4110 Lib.
551 4057 595 4110 111
610 4055 686 4111 Conl.
708 4056 802 4111 lueres
826 4074 886 4126 esp.
901 4063 925 4114 t.
1047 4044 1052 4052 ¹

330 4198 374 4248 Μ
398 4129 449 4248 328)6
472 4128 506 4180 In
522 4130 636 4182 Decreta
650 4145 701 4182 seu
714 4127 875 4196 definitione.
891 4131 975 4198 Apud
988 4132 1085 4200 Hard,
1099 4133 1171 4186 Acts
1184 4133 1283 4187 concil.
1309 4137 1384 4190 tom.
1411 4136 1467 4202 IX,

348 4213 385 4251 o.
452 4237 457 4250 .

402 4271 439 4335 (3)
475 4267 559 4322 Coos.
571 4267 672 4324 Pastor
685 4273 819 4342 aeternus,
839 4287 899 4340 cap.
914 4273 937 4327 L
