3034 4990
540 401 719 460 -351-

79 543 110 606 in
123 541 297 624 Ecclesia,
312 544 475 625 regione,
494 561 607 626 ragno
621 545 681 610 vel
698 546 891 628 provincia
902 547 1073 628 gignens,
1088 551 1192 613 recto

5 704 9 711 .
80 649 182 713 ordini
196 655 234 714 et
247 650 391 714 debitae
407 651 569 715 claritati
584 652 828 734 consulentes,
843 654 999 734 primum
1031 654 1076 718 de
1106 672 1193 719 cun·

9 787 12 810 r
79 758 135 820 ctis
147 757 330 822 erroribus
346 758 556 841 speculative
581 757 819 823 consideratis
843 759 1115 840 inquisitionem
1140 761 1192 824 in·

77 863 265 944 stituemus3
285 863 514 945 postmodum
532 880 620 928 vero
634 881 884 947 quaecumque
901 865 997 930 falsa
1013 870 1192 947 systema-

7 969 8 972 ’
77 979 117 1050 ta,
134 969 263 1051 quovis
281 974 457 1052 tempore,
490 971 708 1050 praesertim
741 971 940 1036 recentiori
975 975 1110 1054 aetate,
1145 972 1192 1036 ab

2 1087 7 1130 r
76 1075 258 1141 haereticis
290 1081 328 1140 et
357 1077 599 1141 sectatoribus
630 1078 748 1142 forma
770 1081 934 1162 practica
961 1083 997 1142 et
1018 1083 1193 1143 concreta

2 1207 4 1240 ;
75 1179 264 1246 adinventa
281 1182 319 1246 in
334 1182 508 1246 trutinam
526 1183 792 1265 revocabimus,
811 1189 851 1248 ut
868 1185 1080 1250 eorumdem
1098 1203 1192 1250 vera

2 1271 3 1276 ’
74 1287 176 1368 origo,
195 1287 324 1352 intima
340 1290 485 1368 natura,
504 1288 679 1352 historica
706 1290 867 1354 evolutio
885 1294 995 1371 atque
1016 1290 1193 1354 ecelesia·

2 1385 3 1388 ’
74 1393 154 1457 stica
171 1394 357 1458 damnatio
376 1394 541 1459 omnibus
558 1398 725 1478 pateant.

149 1500 227 1565 217.
276 1500 319 1565 ln
332 1518 457 1566 errore
474 1503 701 1567 democratico
720 1501 950 1584 quadruplex
978 1502 1083 1567 adest
1105 1519 1189 1584 gre·

74 1605 159 1672 datio
175 1608 213 1671 in
226 1607 367 1686 sehale,
384 1611 423 1671 nt
440 1608 492 1672 ita
508 1608 638 1689 dicam,
657 1607 886 1690 retrograda,
901 1608 971 1673 hoc
990 1613 1057 1690 est,
1075 1627 1098 1672 a
1114 1625 1190 1673 ma·

69 1713 132 1792 jori
144 1719 179 1777 et
195 1714 361 1796 graviori
374 1713 421 1778 ad
434 1714 550 1779 minus
564 1720 599 1778 et
609 1715 726 1779 levius
740 1714 1007 1780 descendendo:
1027 1719 1184 1799 quatuor

72 1818 267 1901 hujusmodi
279 1821 414 1902 gradus
429 1821 651 1902 distinguere
668 1821 826 1886 maxime
838 1823 963 1888 refert.

150 1928 201 1991 1.ο
249 1926 473 2009 Praecipuus
491 1933 527 1990 et
543 1926 780 2009 gravissimus
799 1945 901 1992 error
918 1928 1186 1992 democraticus

72 2031 150 2097 situs
164 2039 221 2098 est
237 2034 275 2098 in
293 2051 349 2115 eo,
368 2034 464 2118 quod
480 2035 653 2100 universa
670 2037 832 2116 potestas
849 2035 1103 2100 ecclesiastica
1131 2035 1185 2098 ita

71 2141 194 2221 populo
212 2141 407 2222 tribuatur,
428 2146 468 2205 ut
480 2142 526 2206 ab
543 2141 621 2222 ipso
634 2142 736 2226 plene
754 2142 921 2205 exerceri
938 2146 975 2206 et
991 2143 1097 2206 libare
1131 2157 1191 2204 re-

72 2247 167 2312 tineri
184 2253 310 2331 queat,
325 2253 452 2330 utpote
467 2249 632 2329 subjecto
655 2249 877 2328 immediato,
907 2248 1115 2312 necessario
1140 2264 1187 2312 ac

71 2353 368 2437 principalissimo
397 2357 625 2421 auctoritatis
643 2374 772 2422 sacrae
805 2376 827 2421 a
855 2356 997 2421 Christo
1026 2355 1183 2420 Domino

71 2457 249 2526 institutae
265 2467 302 2526 et
319 2462 456 2527 directe
472 2463 638 2527 fidelibus
652 2464 810 2528 collatae
823 2463 1022 2546 (Hessitae,
1033 2462 1186 2528 Wiclef-

70 2564 157 2649 fitae,
171 2568 375 2633 Marsilisni
389 2574 425 2632 et
438 2569 717 2650 Protestantes).

148 2673 200 2738 2.⁰
249 2674 353 2739 Alter
370 2693 472 2739 error
488 2680 543 2739 est
560 2693 684 2741 eorum
709 2678 770 2758 qui
793 2676 1016 2740 contendunt
1037 2692 1180 2740 omnem

69 2783 282 2858 potestatem
297 2781 524 2863 spiritualem
538 2782 704 2864 equidem
722 2782 896 2846 collatam
924 2799 1004 2844 esse
1029 2781 1178 2861 populo,

68 2886 114 2948 uti
125 2888 311 2952 affirmant
326 2888 537 2953 defensores
555 2887 662 2972 primi
678 2888 825 2969 erroris,
841 2887 905 2952 sed
922 2887 968 2950 ab
986 2903 1028 2950 eo
1056 2903 1182 2950 neces·

67 2995 155 3057 sario
171 2995 361 3080 uuerferri
379 2994 513 3060 debere
529 2996 567 3060 in
583 2996 765 3077 Praeterea,
781 2995 867 3077 quin
879 2994 1033 3058 liberum
1049 2993 1096 3056 sit
1108 2994 1185 3076 ple·

66 3096 98 3160 bi
111 3099 333 3190 christianae
360 3118 441 3166 eam
470 3101 739 3185 quomodolibet
769 3117 955 3181 exercere,
983 3100 1098 3164 libera
1129 3116 1187 3165 re·

66 3205 176 3271 tinere
205 3207 267 3272 vel
291 3206 456 3273 diversos
486 3208 621 3290 gradus
648 3208 840 3272 Pastorum
867 3225 933 3289 pro
962 3225 1026 3271 suo
1062 3207 1179 3271 lubitu

67 3309 319 3395 determinare,
338 3331 419 3378 cum
435 3313 473 3378 hi
483 3314 618 3396 gradus
631 3315 709 3396 jam
727 3333 749 3378 a
777 3313 920 3380 Christo
951 3314 1108 3378 instituti
1137 3331 1182 3399 aq

67 3415 293 3483 determinati
306 3419 391 3483 sint.

148 3523 264 3589 Juxta
280 3525 376 3588 hunc
408 3542 581 3606 errorem,
611 3525 680 3590 duo
713 3526 902 3608 potissima
930 3526 1014 3605 jura
1046 3523 1182 3606 populo

66 3635 285 3712 competunt,
304 3648 447 3713 nempe,
462 3633 609 3717 elipandi
626 3649 670 3696 ac
686 3633 878 3717 deponendi
907 3632 1090 3711 Pastores;
1106 3631 1185 3712 jam

65 3751 163 3819 vero,
183 3755 230 3802 ex
246 3741 378 3801 natura
396 3743 505 3820 atque
521 3739 696 3803 exercitio
714 3739 819 3820 huJus
839 3738 994 3820 duplicis
1018 3737 1112 3819 juris
1129 3753 1187 3800 re-

65 3849 119 3906 ete
132 3844 366 3926 consequitur
377 3845 566 3910 Praelatos
579 3845 696 3910 teneri
709 3846 864 3928 primum
881 3845 1106 3927 exquireres
1119 3860 1183 3923 po-

63 3950 145 4030 pulo
162 3959 278 4018 cotum
291 3951 487 4032 juridicum
503 3959 689 4034 tamquam
720 3969 886 4016 normam
913 3950 1074 4032 regendi,
1090 3949 1186 4030 jndi-

65 4057 170 4121 eandi
202 4061 239 4122 et
263 4057 535 4140 legesserendi;
569 4076 663 4141 quae
694 4063 815 4123 autem
843 4077 865 4122 a
896 4057 1031 4141 populo
1066 4061 1190 4122 essent

65 4165 273 4248 reprobata,
287 4165 451 4247 vigorem
464 4183 536 4231 non
553 4166 742 4246 haberent;
762 4167 833 4228 imo
846 4182 940 4247 quae
957 4183 981 4228 a
1004 4165 1185 4229 Praesuli-

63 4267 127 4335 bus
144 4279 449 4355 proponerentur,
468 4277 608 4337 tantum
625 4272 827 4338 evaderent
844 4272 947 4337 tirma
964 4288 1011 4336 ex
1032 4288 1184 4338 cousen-
