3146 4980
810 397 846 410 -·
869 365 988 424 396-

421 507 681 573 Liberalismus
698 509 869 574 radicalis
896 507 1159 589 suprematiam
1175 511 1212 572 et
1229 509 1452 590 omnipoten-

334 617 422 681 tiam
438 615 560 680 Status
577 621 698 680 tuetur
711 623 895 699 tamquam
914 617 1109 680 veritatem
1128 615 1331 679 absolutam
1348 622 1384 680 et
1396 616 1454 697 jus

336 722 692 805 impraescriptibile,
712 727 821 805 atque
835 723 1135 804 personalitatem
1164 721 1360 802 juridicam
1391 721 1453 786 Ec·

335 828 470 892 clasiae
489 845 637 910 prorsus
655 829 848 909 inficiatur,
868 830 919 894 ita
946 835 996 906 ut,
1012 831 1119 910 juxta
1147 828 1320 893 liberales
1335 849 1451 912 poros,

334 933 456 998 Status
468 935 514 998 sit
531 934 636 998 unice
652 939 689 998 et
705 935 850 999 omnino
865 932 1128 1016 independens,
1148 933 1234 1015 quin
1270 933 1334 996 ulli
1359 933 1453 996 insti·

335 1041 463 1104 tutioni
478 1040 746 1122 subordinatum
765 1040 931 1106 Ecclesia
945 1049 1079 1122 autem,
1098 1043 1149 1104 uti
1173 1045 1325 1104 caetera
1351 1039 1454 1104 colle·

336 1147 397 1228 gia
410 1148 675 1230 subalternata,
692 1149 739 1212 ab
752 1165 795 1212 eo
812 1147 981 1230 pendeat;
1001 1147 1157 1212 formula
1175 1146 1311 1229 gradus
1330 1147 1456 1212 libara-
1540 1215 1541 1226 χ

337 1253 380 1318 ns
393 1255 539 1318 maetas
555 1254 610 1319 nis
630 1255 752 1318 vernn
770 1255 987 1318 continetur:
1006 1255 1164 1320 Ecclesia
1180 1257 1218 1321 a
1232 1253 1347 1319 stare.

425 1359 685 1426 Liberalismus
718 1361 915 1427 moderatus
941 1361 1145 1443 proclamat
1175 1362 1286 1426 etiam
1311 1361 1455 1444 iuridici

338 1474 374 1532 et
390 1471 619 1534 essentialiter
637 1470 840 1534 absolutam
857 1469 980 1534 Statue
998 1469 1293 1549 dominationem,
1328 1467 1391 1532 sed
1406 1473 1452 1530 ta·
1540 1447 1541 1496 Ὗ

338 1593 421 1640 men
439 1576 738 1658 personalitatem
753 1576 950 1657 juridicam
966 1576 1155 1642 Ecclesiae
1172 1577 1353 1658 agnoscit,
1378 1591 1453 1638 eam

338 1681 574 1745 considerans
592 1687 628 1744 ut
642 1681 949 1747 consociationem
965 1683 1166 1765 perlectam
1180 1689 1217 1746 et
1230 1680 1454 1764 inaequalem

339 1785 475 1852 aStatu
493 1785 714 1852 distinctam:
732 1788 829 1869 hinc,
857 1801 1017 1852 mutuam
1047 1789 1234 1871 utriusque
1260 1786 1453 1866 societatis,

339 1891 458 1956 civilis
473 1899 510 1956 et
523 1893 730 1974 religiosae,
744 1897 1014 1975 separationem
1026 1895 1241 1975 defendens,
1255 1893 1392 1960 Statum
1409 1893 1454 1956 in·

339 1997 603 2082 dependentem
621 2007 743 2080 vocat,
777 2002 864 2084 quin
882 2001 1071 2066 Ecclesiae
1089 2001 1317 2083 subjiciatur;
1344 2008 1381 2064 et
1396 1997 1453 2062 Ec·

340 2105 487 2170 ciceiam
506 2123 649 2189 quoque
666 2106 970 2190 independentem
995 2115 1196 2191 nuncupat,
1231 2108 1318 2190 quin
1345 2106 1453 2169 Statui

339 2212 466 2291 subsit,
501 2213 715 2294 exprimitur
742 2214 878 2294 gradus
907 2218 1040 2282 medius
1073 2215 1264 2280 notissima
1293 2211 1450 2278 formula:

340 2319 498 2384 Ecclesia
510 2320 621 2384 libera
638 2322 676 2383 r'n
692 2319 794 2386 Statu
810 2321 929 2385 libero.

421 2422 680 2489 Liberalismus
693 2425 880 2491 catholicus
893 2445 963 2490 non
982 2427 1098 2490 solum
1112 2424 1280 2508 agnoscit
1293 2438 1450 2506 persona·

340 2529 480 2594 litatem
493 2530 685 2612 juridicam
703 2534 890 2597 societatis
907 2533 1115 2616 religiosae,
1135 2531 1391 2597 verumetiam
1419 2529 1451 2592 in

341 2637 526 2716 abstracto,
542 2637 610 2701 hoc
627 2645 694 2716 est,
710 2638 877 2704 absolute
893 2648 930 2704 et
944 2639 1175 2720 speculative
1193 2637 1388 2720 loquendo,
1404 2653 1452 2698 su-

342 2742 591 2824 perioritatem
608 2741 796 2808 Ecclesiae
821 2751 857 2809 et
881 2744 1219 2810 subordinationem
1250 2742 1453 2809 indirectam

341 2847 463 2912 Status
480 2848 596 2914 eidem
614 2849 763 2932 fatetur3
782 2857 944 2916 attamen
959 2853 1114 2936 practice
1137 2855 1174 2916 et
1188 2851 1454 2927 accidentaliter,
1541 2863 1542 2904 t

341 2973 414 3018 non
430 2972 519 3020 vero
528 2955 686 3044 juridice
700 2963 736 3020 et
748 2960 991 3038 essentialiter,
1007 2956 1330 3041 independentiam
1343 2955 1455 3022 Status
1541 2969 1542 3058 t

343 3061 388 3124 ab
416 3059 583 3126 Ecclesia
600 3069 808 3144 propugnat
824 3064 928 3128 velut
943 3066 1082 3130 lactum
1113 3063 1355 3144 definitivam,
1388 3059 1454 3125 uni·
1541 3105 1542 3148 7

342 3166 498 3247 versale,
516 3173 553 3232 et
568 3171 806 3236 communiter
823 3169 920 3253 apud
938 3189 1064 3236 omnes
1076 3171 1246 3236 nationes
1264 3175 1454 3251 receptum

343 3274 441 3356 quia,
460 3275 511 3338 uti
527 3276 699 3340 effutiunt
716 3279 860 3360 patroni
880 3279 984 3361 hujus
1002 3279 1199 3362 singularis
1216 3279 1380 3344 tbeoriae
1401 3275 1454 3359 isy-

337 3381 491 3465 petissio
507 3383 909 3468 appellatae,spectatis
927 3403 1047 3452 rerum
1061 3382 1392 3468 adjunctis,aotuali
1403 3395 1454 3444 so·

344 3487 486 3553 sistatis
499 3489 679 3556 humanae
695 3492 914 3576 conditione,
933 3496 1080 3578 publica
1111 3511 1309 3579 regnorum
1324 3487 1454 3575 legista·

343 3593 453 3676 tione,
489 3598 674 3678 praesenti
698 3604 902 3681 temporum
934 3619 1133 3684 progressu
1167 3609 1278 3685 atque
1310 3601 1455 3676 cultura,

344 3699 660 3781 sublectioStatus
691 3703 877 3770 Ecclesiae
905 3723 964 3770 res
998 3725 1147 3789 prorsus
1180 3709 1372 3791 antiquata
1398 3706 1456 3783 est,

344 3805 463 3871 inanis
476 3814 627 3874 conatus
643 3811 858 3894 populorum
876 3815 1035 3879 moribus
1053 3817 1254 3896 reluctans,
1284 3821 1320 3880 et
1338 3808 1456 3897 princi·

345 3912 442 3991 pium
458 3912 648 3981 hodiedum
664 3935 687 3982 a
700 3919 876 4000 regimine
889 3921 1035 4002 publico
1049 3928 1087 3986 et
1099 3923 1230 3988 sociali
1244 3919 1456 3988 constitutin-

347 4033 392 4080 ne
405 4018 514 4082 valde
527 4022 713 4090 absonum:
732 4026 791 4090 blc
807 4027 942 4108 gradus
959 4031 1098 4115 intimus
1115 4029 1345 4109 liberalismi,
1364 4034 1455 4109 utpo-

347 4127 383 4185 te
413 4124 520 4189 lactis
549 4135 586 4192 et
603 4131 884 4198 circumstantiis
903 4135 1061 4216 innixus,
1077 4136 1262 4202 constanti
1279 4129 1458 4202 mutationi

347 4233 385 4292 et
414 4228 569 4296 diversis
586 4237 912 4305 modificationibus
929 4243 1110 4326 subjacet,
1142 4243 1300 4328 ideoque
1315 4237 1459 4309 formula
