3034 4990
527 424 703 484 ..305-

15 653 16 656 ¹
77 567 283 634 incommodo
302 569 465 635 vitando:
485 569 513 651 ³)
530 569 717 652 Principes
732 569 791 633 vel
804 569 977 633 Rectores
990 567 1176 632 societatis

77 675 175 740 civilis
205 677 265 759 jus
288 677 505 744 reclamandi
532 677 679 760 hebent,
713 693 791 742 rem
819 679 931 741 totam
964 677 1177 740 reverenter

76 799 109 846 se
127 783 339 867 suppliciter
356 784 452 868 apud
480 785 678 850 Romanum
706 783 916 849 Pontificem
946 781 1173 866 exponend03

14 921 15 955 3
84 885 143 968 blsi
159 907 249 956 vero
279 909 448 957 accessus
473 892 520 956 ed
548 891 675 957 Sodem
695 889 941 974 Apostolioam
967 907 1039 954 non
1067 890 1176 956 facile

13 1047 14 1050 η
74 999 212 1080 pateret,
231 1003 403 1080 poterunt
415 1001 525 1063 etiem
542 998 813 1062 exsecutionem
830 996 921 1079 legis
938 994 1174 1078 suspendere,

13 1154 14 1158 ,
74 1101 248 1187 dummodo
279 1104 416 1186 jndicio
445 1105 675 1188 prudentum,
710 1103 867 1167 maxime
901 1103 1174 1185 Episcoporum,

13 1209 14 1216 ’
74 1215 188 1290 agatur
200 1210 245 1276 de
259 1211 341 1293 lege
357 1216 422 1276 aut
437 1211 674 1294 dispositione
687 1209 877 1274 evidenter
891 1215 927 1273 et
940 1209 1103 1290 graviter
1116 1226 1176 1272 no·

12 1365 13 1372 κ
73 1316 134 1397 ria,
152 1321 177 1397 c)
194 1317 287 1382 haee
304 1317 437 1400 agendi
465 1317 558 1381 ratio
585 1317 667 1398 jure
695 1315 870 1380 canonico
899 1314 1075 1395 innititur,
1093 1329 1176 1377 nam

73 1423 215 1504 paritate
240 1424 393 1488 rationis
411 1423 599 1506 Principes
625 1423 676 1487 uti
704 1426 855 1504 possunt
882 1421 1010 1503 regula
1037 1437 1100 1484 seu
1118 1419 1176 1484 do·

12 1617 13 1622 ¹
74 1530 176 1594 ctrina
189 1530 235 1594 ab
252 1530 462 1595 Alexandro
475 1529 831 1612 III·Arcbiepisoopo
847 1527 1052 1592 Ravennati
1066 1525 1176 1591 tradi·

11 1653 13 1724 j
73 1639 102 1698 tu
115 1641 148 1702 et
162 1636 197 1701 in
211 1635 382 1702 Codicem
396 1635 641 1701 Decretelium
660 1637 810 1700 inserta:
828 1633 882 1698 “Si
896 1631 1040 1717 quando
1054 1632 1177 1716 aliqua

73 1745 144 1808 tuae
161 1743 384 1808 fraternitati
401 1744 587 1827 dirigimus
615 1761 709 1826 qnae
734 1744 892 1807 animum
909 1746 1008 1805 tuum
1026 1757 1173 1823 exaspe·

72 1867 143 1914 rure
161 1851 344 1934 videntur,
364 1852 505 1917 turbari
529 1870 601 1916 non
627 1851 778 1916 debes...
812 1851 1023 1933 qualitatem
1043 1843 1189 1932 negotii

73 1972 127 2035 pro
151 1975 220 2040 qno
238 1958 303 2022 tibi
327 1958 498 2024 scribitur
515 1958 710 2040 diligenter
733 1957 981 2038 considerans
1001 1961 1064 2020 aut
1080 1973 1178 2019 man-

11 2059 14 2118 t
73 2061 182 2129 datum
210 2071 373 2130 nostrum
402 2070 617 2130 reverenter
646 2064 860 2146 adimpleas,
879 2070 942 2127 aut
958 2079 1025 2144 per
1036 2062 1178 2127 littores

72 2171 154 2252 tues,
172 2189 287 2254 qnare
304 2171 505 2255 adimplere
521 2189 593 2236 non
611 2171 740 2254 possis,
759 2170 1013 2234 rationabilem
1031 2185 1178 2234 oensem

10 2321 13 2360 ,
73 2278 293 2361 praetendas;
312 2279 397 2363 qnia
425 2279 608 2363 patienter
640 2277 895 2342 sustinebimus
909 2277 938 2341 si
957 2293 1028 2341 non
1046 2275 1177 2340 leceris

10 2365 12 2428 l
73 2383 157 2464 quod
171 2403 289 2468 prava
302 2387 406 2451 nobis
420 2385 531 2450 fuerit
546 2385 791 2450 insinuatione
804 2388 1032 2468 suggestum,
1049 2383 1109 2464 (1).

10 2483 11 2488 ’
149 2491 199 2555 39
245 2491 444 2574 Postremo,
472 2493 635 2556 asseclae
665 2492 849 2574 regalismi
871 2496 906 2554 et
937 2488 1179 2572 gallicanisml

73 2611 162 2662 exeo
178 2597 274 2682 quod
291 2597 518 2682 Principibus
536 2602 721 2681 competat
733 2597 898 2663 custodia
914 2614 1102 2662 sacrorum
1120 2613 1177 2660 ca·

72 2719 204 2787 nonum,
223 2706 318 2770 falso
332 2712 368 2771 et
384 2707 573 2788 illegitime
592 2706 752 2770 inierunt
783 2705 939 2786 Regibus
972 2703 1179 2768 adscriben-

73 2809 147 2873 dum
159 2813 217 2893 jus
230 2811 448 2895 invigilandi
463 2817 585 2877 rectae
599 2811 904 2894 interpretationi,
921 2809 1178 2875 observantiae

73 2921 103 2978 et
119 2919 351 3001 applicationi
369 2921 491 3003 legum
523 2918 866 2999 ecclesiasticarum;
896 2915 960 2981 sed
984 2916 1053 2980 boc
1085 2931 1179 2980 corn·

73 3031 217 3090 mentum
237 3027 333 3091 inter
346 3026 531 3092 doctrines
564 3027 670 3092 toties
695 3025 885 3090 damnatas
913 3022 1179 3088 emendandum

73 3135 132 3210 est;
150 3133 178 3196 si
210 3133 305 3198 eninr
337 3151 403 3215 per
430 3133 631 3198 custodiam
662 3150 840 3197 canonum
870 3130 1095 3213 significatur
1121 3129 1179 3210 jus

71 3234 266 3323 Principum
283 3240 472 3305 brachium
491 3240 682 3304 saeculare
699 3238 893 3304 adhibendi
925 3239 962 3302 in
993 3236 1180 3302 Ecclesiae

74 3344 256 3412 utilitatem
271 3350 307 3411 et
318 3347 455 3429 jndicio
474 3347 587 3430 ipsius
605 3345 805 3426 Ecclesiae,
827 3346 896 3411 hoo
912 3362 1019 3409 sensu
1037 3361 1108 3408 non
1125 3361 1179 3406 re-

73 3452 207 3518 nuimus
234 3453 423 3537 Principes
452 3470 664 3535 nuncupare
693 3452 861 3517 custodes
902 3467 1093 3530 canonum3
1125 3449 1180 3512 sin

75 3575 155 3622 vero
173 3559 241 3626 hoo
258 3561 404 3626 nomine
422 3560 615 3626 denotatur
639 3563 801 3643 potestas
818 3559 975 3643 Regibus
1006 3555 1181 3621 attributa

74 3663 115 3727 ad
132 3681 283 3734 canones
299 3686 365 3750 pro
383 3685 448 3732 suo
465 3667 569 3733 libitu
581 3666 888 3750 interpretandos,
920 3682 1044 3730 eornm
1062 3662 1180 3728 obser-

74 3773 224 3840 vantiam
241 3774 448 3858 finiendam,
464 3791 606 3856 necnon
622 3773 840 3854 rejiciendas
859 3790 974 3838 noves
1002 3771 1102 3853 leges
1115 3769 1179 3834 Ec-

77 3876 212 3964 clesiae,
230 3882 261 3948 si
279 3881 441 3966 Principi
459 3881 671 3947 viderentur
699 3881 905 3946 contrariae
937 3877 1093 3960 antiquis
1122 3894 1180 3941 ca-

78 3987 233 4072 nonlbus,
251 3995 337 4056 tuno
351 4008 498 4074 prorsus
527 3991 728 4055 inficiamur
761 3989 877 4071 Reges
906 3985 1062 4069 glorioso
1078 3984 1180 4050 titulo

83 4176 245 4192 --——-

144 4326 177 4386 ll)
211 4326 277 4393 Cap.
294 4327 315 4376 V
329 4323 532 4394 (leRescrr'ptis.
