3120 4988
563 411 721 472 ...53-

99 581 168 646 nepo
180 557 239 643 (ll,
253 557 305 624 3.⁰
318 560 355 623 in
372 560 549 642 ejusmodi
566 559 725 625 textibus
743 558 991 642 expendendis
1005 557 1203 645 praecipue

98 665 303 730 attendenda
320 665 391 729 erit
420 665 514 730 ratio
529 666 716 748 temporis,
736 683 806 748 quo
825 667 951 748 scripti
969 672 1064 747 sunt;
1085 667 1206 749 agitur

44 857 47 868 .
99 791 239 855 namque
263 772 306 837 de
326 778 461 854 aetate,
480 773 517 837 in
546 792 617 856 qna
635 772 802 837 Ecclesia
831 773 1093 855 plenitudinem
1117 791 1205 836 suae

99 881 275 961 potestatis
289 880 446 945 nondum
461 897 614 945 exerere
631 887 777 963 poterat
794 887 944 964 propter
961 889 1034 946 turn
1050 879 1072 944 J
1077 879 1205 946 udaeo·

100 1005 179 1064 rum,
195 995 266 1052 tum
286 989 443 1053 maxime
456 987 690 1052 Ethnicorum
705 987 1037 1070 persequutionem.

177 1095 231 1158 Ad
246 1095 313 1159 4⁰³¹:
336 1095 515 1177 Ecclesia,
542 1095 740 1159 secundum
764 1095 952 1177 ipsiusmet
980 1093 1113 1160 Christi
1147 1094 1206 1159 do-

101 1203 242 1268 ctrinam
257 1204 325 1268 sibi
343 1203 568 1268 reservantis
581 1203 757 1284 judicium
774 1219 898 1266 eorum
927 1203 989 1285 qui
1007 1203 1061 1266 illi
1078 1201 1206 1268 adver-

101 1321 226 1390 santur,
245 1316 462 1394 potestatem
491 1311 692 1393 punitivam
723 1311 759 1373 in
788 1328 850 1374 eos
876 1327 1050 1375 exercere
1068 1311 1205 1394 nequit,

102 1416 185 1480 dist:
202 1418 327 1500 punire
345 1417 664 1498 nequitinfideles,
680 1437 786 1497 conc.,·
800 1415 937 1496 fideles,
957 1437 1049 1502 nepo.
1068 1415 1109 1480 In
1127 1416 1207 1480 loco

103 1541 140 1586 ex
154 1522 187 1587 S.
202 1524 385 1589 Matthaeo
399 1525 613 1607 deprompto
632 1525 753 1606 agitur
770 1523 814 1588 de
831 1523 1048 1602 infidelibus,
1064 1524 1209 1606 quinon

103 1631 209 1696 adhue
240 1632 473 1696 christianam
502 1633 608 1696 fidem
643 1640 895 1713 susceperunt,
923 1649 1040 1714 neque
1071 1631 1208 1694 idcirco

104 1737 277 1805 Ecclesiae
291 1742 464 1823 potestati
478 1740 634 1820 subjecti
647 1747 742 1820 sunt,
753 1739 861 1821 juxta
875 1739 910 1803 id
925 1739 1019 1821 quod
1048 1741 1099 1802 ait
1116 1740 1209 1821 Apo·

105 1848 218 1911 stolus:
239 1847 327 1923 Quid
340 1850 431 1914 enim
449 1848 532 1913 milti
557 1857 607 1913 est
623 1849 664 1913 de
680 1840 738 1928 iis,
754 1850 811 1931 qai
824 1849 913 1924 foris
929 1847 1212 1934 ouat.jadicure?

104 1956 212 2022 Nonne
224 1959 263 2023 de
275 1959 334 2038 iis,
350 1959 408 2042 qui
420 1960 514 2022 intus
526 1963 617 2035 eunt,
630 1953 886 2043 oosjudicatis?
898 1955 991 2020 Nam
1007 1975 1074 2032 eos,
1090 1955 1148 2039 qai
1158 1955 1211 2040 so·

107 2067 149 2130 ria
163 2075 246 2147 aunt,
262 2067 359 2132 Deua
368 2067 556 2153 judicabit.
571 2063 713 2150 Auferte
731 2065 861 2131 mulum
886 2087 929 2130 eso
943 2066 1036 2130 vobis
1049 2067 1136 2148 ipsis
1148 2062 1209 2144 (2).

107 2171 324 2256 Loquebatur
342 2175 451 2256 igitur
479 2171 585 2236 Jesus
604 2170 768 2236 Christus
791 2171 828 2234 in
846 2178 947 2235 textu
965 2171 1078 2235 allato
1097 2169 1140 2234 de
1154 2168 1210 2250 iis,

108 2281 159 2362 qui
175 2280 409 2364 Evangelium
442 2280 666 2363 respuebant
683 2285 720 2344 et
745 2286 850 2343 extra
874 2275 1077 2342 Ecclesiam
1110 2292 1212 2359 repe·

110 2389 292 2454 riebantur.

187 2493 322 2577 ObJeet.
342 2495 394 2560 2!
410 2493 470 2560 SS.
490 2494 679 2560 Ecclesiae
694 2494 823 2559 Patres
837 2493 1044 2558 inficiantur
1058 2509 1138 2556 eam
1153 2508 1213 2574 po·

111 2605 226 2668 testate
254 2605 454 2669 coercitiva
483 2604 699 2668 instructam
728 2621 820 2682 esse,
848 2601 982 2684 passim
1007 2608 1214 2664 asserentes
1291 2685 1293 2690 ,

111 2706 279 2776 Ecclesiae
311 2717 452 2775 tantum
485 2709 692 2794 competere
721 2710 840 2775 media
871 2710 1020 2772 suasiva
1048 2712 1084 2770 et
1113 2723 1215 2770 arma

111 2817 377 2882 mansuetudinis
396 2825 433 2882 et
450 2819 693 2898 constantiam
712 2818 748 2881 in
767 2819 835 2882 hac
852 2815 1034 2880 sententia
1051 2831 1216 2896 praeser-

112 2923 163 2987 tim
181 2927 406 2991 consentiunt
423 2923 483 2991 SS.
504 2925 728 3007 Ambrosius,
746 2925 780 2989 J.
801 2923 1079 3007 chrysostomus
1096 2929 1133 2986 et
1146 2922 1215 2986 Au·

113 3031 269 3108 gustinus:
288 3052 333 3098 en
351 3032 531 3116 quomodo
548 3032 756 3114 loquuntur.

187 3137 448 3204 S..Ambrosius
467 3139 518 3203 ita
536 3139 664 3221 inquit:
684 3137 951 3220 Ddlerepotero,
966 3142 1086 3219 potero
1096 3135 1214 3221 flere...

117 3243 203 3314 Talia
220 3251 306 3314 caim
336 3250 549 3313 metuimenta
573 3254 653 3312 sant
680 3245 882 3310 sucerdotis:
909 3244 1013 3307 aliter
1029 3263 1089 3306 nec
1105 3243 1216 3320 debeo,

115 3373 163 3418 uec
171 3377 302 3440 postiam
318 3359 478 3422 resistere
492 3355 552 3438 (3).
569 3354 613 3418 D.
629 3353 663 3418 J.
680 3353 957 3436 Chrysostotnus
972 3349 1144 3432 explicite
1152 3350 1215 3412 ait:

115 3458 293 3530 Sacerdotis
310 3471 359 3529 est
376 3470 509 3528 tantum
527 3481 670 3546 urpuerc
700 3468 731 3525 et
747 3460 914 3525 audacter
930 3465 962 3522 et
978 3458 1082 3522 libere
1101 3456 1217 3520 admo-

115 3570 194 3653 uere,·
205 3593 268 3636 nou
281 3593 415 3636 monere
433 3591 543 3647 arma,
561 3590 629 3634 non
646 3569 781 3654 clypeos
794 3585 977 3650 usurpare,
995 3584 1064 3629 noo
1081 3566 1218 3627 vibrare

115 3673 260 3763 lanceam,
279 3700 384 3764 nepae
398 3699 518 3744 arcum
535 3677 682 3758 tendere,
696 3675 911 3760 ueoejucula
929 3674 1072 3748 mittere,
1090 3672 1148 3734 sed
1162 3692 1216 3734 ar·

121 3841 258 3856 '‘R—¹·-

173 3991 208 4054 ill
243 3989 324 4046 Ocni
338 3991 364 4044 S.
379 3991 570 4056 Augustinum
590 3985 681 4055 Epist.
697 3989 746 4039 185
766 3986 802 4038 ad
816 3985 956 4039 Comitem
971 3985 1158 4049 Boniiaciurn‚
1172 3983 1220 4036 ubi

117 4058 288 4123 sapientores
302 4065 438 4130 patientia
459 4063 602 4114 Ecclesiae
616 4062 730 4128 propria
749 4057 873 4118 disserit,
896 4057 1040 4122 simulque
1062 4058 1146 4110 docet
1158 4072 1220 4108 enm

117 4127 244 4218 Christum
256 4134 413 4188 Dominum
432 4134 538 4187 imitari
551 4132 638 4186 etiam
650 4131 679 4183 in
694 4129 793 4198 poenis
808 4129 937 4196 physicis
956 4143 972 4180 u
988 4127 1222 4195 delinquentibus

119 4205 305 4340 mpeffimf'ad
319 4273 379 4331 Cor.
392 4293 452 4344 cup.
467 4276 500 4338 V,
513 4291 559 4330 vv.
576 4277 608 4328 12
622 4280 651 4330 et
665 4279 704 4327 13.

174 4349 211 4418 (t)
248 4348 336 4404 Sem.
349 4351 444 4404 coatm
457 4345 576 4400 nocent.
