3030 4990
825 458 980 516 -78-

338 598 584 666 immiscentes
603 601 872 685 quamplurima
885 602 1152 667 constituerunt
1174 602 1219 667 de
1232 603 1384 685 negotiis
1406 602 1448 666 ad

337 705 540 772 Ecclesiam
553 707 818 793 pertinentibus
832 708 897 788 sic,
913 717 951 774 ut
961 709 1139 774 nonnulla
1165 709 1265 774 iacta
1279 709 1448 792 praealtis

336 820 612 897 recenseantur,
638 821 762 882 notum
781 834 824 881 ec
842 817 1097 899 pervulgatum
1116 821 1171 882 est
1184 816 1448 882 Constantinum

336 920 506 1003 Magnum
524 923 683 1006 seipsum
699 925 906 988 nominasse
919 925 1116 1010 episcopum
1135 933 1312 990 aeteruum
1329 925 1380 990 his
1403 925 1448 988 ie·

335 1047 376 1094 re
397 1030 520 1094 verbis
539 1047 655 1111 usum,
668 1031 775 1112 juxta
793 1031 985 1096 Eusebium
1003 1033 1081 1113 eJus
1096 1030 1346 1114 biographum:
1362 1031 1448 1096 “Vos

336 1136 481 1219 quidem
499 1137 533 1202 in
552 1137 595 1201 iis
614 1137 673 1220 qui
692 1137 788 1202 intra
814 1137 1016 1202 Ecclesiam
1046 1145 1130 1203 sunt
1161 1138 1323 1221 episcopi
1354 1139 1446 1219 estis;

336 1260 404 1324 ego
423 1261 511 1308 vero
529 1243 621 1308 iniis
650 1249 866 1327 quaeextra
893 1251 1069 1327 geruntur
1101 1245 1294 1328 episcopus
1324 1263 1399 1309 snm
1430 1263 1448 1308 a

336 1349 414 1416 Deo
429 1350 666 1436 constitutus„
687 1353 747 1432 (l);
766 1352 997 1434 exploratum
1017 1351 1125 1416 etiam
1143 1363 1198 1416 est
1213 1351 1449 1416 iustinianum

335 1463 387 1528 ita
404 1476 470 1541 pro
486 1477 549 1523 suo
565 1458 679 1523 lubitu
693 1477 751 1524 res
768 1459 1039 1524 ecclesiasticas
1053 1460 1253 1541 ordinasse,
1270 1463 1307 1524 ut
1319 1461 1448 1544 episco-

335 1586 402 1652 pus
420 1565 628 1649 deposuerit
645 1571 681 1630 et
695 1567 904 1650 instituerit,
922 1565 1089 1632 Ecclesia
1121 1568 1368 1632 consentiente
1395 1563 1449 1632 vel

335 1674 810 1755 saltemnonreelarnant03
845 1675 932 1738 item
964 1678 1121 1757 constat,
1155 1675 1186 1738 si
1220 1673 1448 1757 scriptoribus

336 1780 526 1847 catholicis
544 1779 711 1846 standum
728 1781 784 1864 sit,
814 1781 1058 1864 Imperatores
1091 1785 1128 1846 ot
1155 1781 1272 1864 Reges
1299 1785 1447 1864 potesta·

335 1892 407 1954 tem
426 1887 618 1970 quamdam
627 1890 804 1972 primatus
821 1889 880 1952 vel
896 1889 1233 1974 superintendentiae
1250 1887 1448 1954 exercuisse

336 1995 455 2079 quoad
488 1994 739 2059 ecclesiastica
773 1997 933 2077 negotia,
977 1995 1077 2077 leges
1110 1995 1376 2078 disciplinares,
1408 1996 1448 2060 ri-

336 2109 392 2168 tus
410 2119 547 2184 saeros,
577 2102 721 2184 aliaque
751 2102 940 2166 innumera
967 2120 1047 2167 curn
1077 2103 1253 2186 religione
1277 2120 1446 2168 connexa.

335 2213 416 2278 iam
447 2227 534 2275 vero
563 2210 739 2291 ejusmodi
759 2211 858 2274 facta
877 2211 1120 2293 majoritatem
1155 2210 1343 2276 Ecclesiae
1366 2229 1448 2294 prae

336 2319 514 2382 societate
532 2317 632 2380 civili
650 2334 722 2379 non
754 2321 924 2398 arguunt,
954 2316 1018 2382 sed
1046 2317 1165 2399 potius
1197 2317 1448 2400 suprematiam

336 2425 625 2507 Statusejusque
658 2423 925 2490 lloderatorum
959 2442 1071 2508 supra
1103 2425 1305 2490 Ecclesiam
1339 2430 1448 2490 osteu-

336 2533 436 2596 dunt.
454 2531 549 2614 Ergo
566 2549 637 2595 non
655 2531 789 2596 Summi
808 2531 1034 2614 imperantes
1062 2531 1262 2615 Ecclesiae,
1296 2531 1359 2596 sed
1390 2531 1447 2596 Ec·

336 2641 449 2706 etesia
466 2639 619 2704 Summis
639 2639 907 2722 imperantibus
920 2640 1068 2704 subesse
1086 2639 1205 2705 derbet.

426 2749 533 2830 Resp.
553 2748 708 2832 Distinp.
737 2747 836 2828 maja
852 2747 1039 2829 Principes
1054 2747 1250 2812 Christiani
1277 2748 1321 2812 de
1348 2747 1447 2813 rebus

336 2854 597 2920 ecelesiasticis
615 2853 811 2936 aliquando
841 2858 1091 2934 cognoverunt
1120 2863 1155 2918 et
1170 2853 1382 2934 judicarunt
1407 2871 1447 2918 ex

336 2979 515 3026 consensu
530 2961 795 3024 etauctoritate
808 2959 1008 3040 Ecclesiae,
1024 2981 1131 3041 conc,
1147 2962 1446 3043 auetoritatepro·

335 3069 427 3150 pria,
446 3067 605 3146 subdist.;
617 3068 726 3148 juste,
745 3088 840 3153 nepo,
855 3067 989 3148 injuste
1006 3067 1066 3132 vol
1078 3085 1143 3149 per
1160 3067 1342 3152 injuriam,
1360 3089 1445 3134 conc.

336 3173 474 3238 Scimus
492 3173 586 3236 enim
604 3173 772 3255 plurima,
789 3191 882 3256 quae
899 3191 921 3236 a
933 3173 1104 3237 Romanis
1116 3173 1400 3256 imperatoribus
1414 3175 1447 3238 in

336 3281 462 3346 ordine
481 3281 650 3363 religioso
669 3281 781 3362 facta,
801 3282 949 3346 decreta
967 3283 1027 3346 vel
1043 3282 1185 3346 sancita
1198 3289 1389 3366 apparent,
1407 3299 1446 3345 aa

337 3389 396 3454 vel
414 3406 523 3454 suasu
555 3391 591 3451 et
616 3387 770 3470 impulsu
785 3387 1009 3452 Summorum
1027 3388 1240 3454 Pontificum
1257 3391 1447 3456 constitute

337 3499 493 3578 fuerunt,
511 3503 547 3560 ut
565 3513 645 3560 cum
664 3493 872 3558 mandatum
890 3494 936 3559 ab
954 3495 1040 3577 ipsis
1059 3496 1305 3577 impetrabant
1320 3513 1445 3562 convo·

336 3603 443 3668 candi
460 3603 628 3684 coucilia,
643 3601 702 3666 vel
716 3619 797 3665 eum
811 3602 1030 3685 jampridem
1049 3603 1165 3670 sacris
1183 3605 1381 3669 canonibus
1399 3621 1446 3667 es-

335 3714 416 3776 sent
429 3711 671 3793 praescripta,
687 3709 886 3791 imperialis
905 3711 1133 3775 auctoritatis
1152 3709 1189 3775 vi
1206 3712 1243 3775 in
1265 3711 1447 3794 ipsiusmet

334 3817 522 3884 Ecclesiae
538 3817 730 3881 utilitatem
744 3835 788 3880 uc
817 3817 1062 3883 defensionem
1092 3821 1229 3884 munita
1257 3823 1353 3884 sunt.
1386 3819 1447 3883 Ee·

335 3931 452 3990 lemur
484 3924 651 4008 equidem
670 3923 856 4006 Principes
871 3924 907 3989 in
926 3926 1081 4008 negotiis
1098 3925 1278 4010 religiosis
1295 3927 1448 3991 indebite

335 4035 529 4118 aliquando
555 4053 635 4099 sese
663 4036 904 4117 ingesserunt,
938 4035 1002 4098 sed
1018 4035 1167 4118 hocper
1192 4051 1367 4099 summum
1393 4049 1447 4096 ne·

336 4231 419 4236 --—-
429 4228 517 4236 ——--

390 4375 424 4441 tl)
461 4371 505 4426 De
527 4370 588 4426 Vita
605 4370 784 4437 Constantini,
798 4372 837 4424 lib
862 4372 909 4425 iv.
