3034 4990
796 439 833 452 -
854 403 921 465 314'
941 433 974 452 a·

321 549 919 636 competentiae,quusmodisunt
951 549 1071 614 omnia
1103 546 1372 632 quomodolibet
1404 553 1440 610 et

320 657 441 740 aliquo
454 675 564 724 seusu
576 657 793 744 spiritualia,
812 657 872 722 vel
885 656 971 742 quia
1005 655 1052 720 ad
1081 655 1189 720 linem
1215 653 1439 739 spiritualem

321 763 532 848 respiciunt,
550 765 609 832 vel
621 765 707 848 quia
721 763 767 828 ad
781 763 900 828 media
915 763 977 827 flni
993 761 1220 846 assequendo
1233 761 1440 826 necessaria

321 875 500 954 spectant.

412 977 487 1044 195.
535 977 713 1044 Absoluta
731 977 920 1044 Ecclesiae
954 975 1237 1060 independentia
1269 993 1292 1039 a
1324 972 1438 1055 Statu,

317 1087 426 1168 juxta
441 1086 635 1170 genuinam
648 1087 831 1152 notionem
845 1090 881 1150 et
897 1086 1082 1170 propriam
1096 1085 1201 1166 hujus
1215 1083 1316 1150 vocis
1329 1081 1435 1164 signi-

322 1191 542 1272 ficationem,
561 1197 700 1258 tantum
728 1191 889 1258 excludit
909 1191 1030 1256 ideam
1046 1189 1295 1272 subjectionis,
1310 1187 1440 1270 depen-

322 1297 480 1382 dentiae,
496 1299 557 1364 vel
574 1297 882 1364 subordinationis
899 1297 1073 1381 potestati
1088 1295 1191 1362 civili
1222 1295 1259 1360 in
1272 1294 1318 1359 iis
1350 1309 1439 1377 quae

322 1405 489 1471 adfinem
505 1405 731 1489 spiritualem
745 1409 854 1490 atque
868 1404 1030 1470 ordinem
1055 1401 1375 1486 supernaturalem
1391 1403 1439 1464 at·

322 1511 449 1594 tinent,
469 1510 569 1576 velut
582 1511 750 1576 absoluta
767 1509 889 1578 Status
904 1510 950 1576 ab
967 1509 1134 1575 Ecclesia
1162 1506 1440 1591 independentia

322 1633 433 1700 supra
474 1617 643 1700 exposita
675 1617 866 1682 dumtaxat
897 1617 935 1680 in
968 1633 1032 1681 suo
1079 1621 1260 1699 conceptu
1291 1611 1440 1679 secludit

323 1723 521 1804 quamlibet
548 1723 899 1788 subalternationem
932 1724 993 1788 vel
1023 1723 1201 1787 directam
1233 1719 1439 1786 subordina-

322 1831 457 1895 tionem
473 1831 658 1896 societatis
676 1832 795 1898 civilis
812 1832 1090 1896 ecclesiasticae
1109 1831 1333 1911 auctoritati;
1362 1829 1439 1893 binc

323 1936 624 2020 quemadmodum
635 1938 919 2021 independentia
933 1937 1055 2004 Status
1072 1955 1137 2021 pro
1152 1937 1439 2020 emancipatione

324 2043 369 2108 ab
389 2041 554 2108 Ecclesia
571 2045 632 2109 vel
644 2046 681 2108 in
700 2063 780 2110 eam
796 2045 1021 2128 suprematia
1040 2046 1208 2127 usurpari
1226 2052 1292 2108 aut
1317 2042 1439 2108 intelli-

323 2150 360 2232 gi
376 2149 513 2232 nequit;
532 2151 584 2215 ita
601 2151 712 2216 etiam
728 2151 1013 2234 independentia
1030 2151 1219 2216 Ecclesiae
1236 2149 1439 2232 nentiquam

323 2257 560 2340 interpretari
576 2263 639 2322 aut
657 2258 748 2321 sumi
770 2263 891 2340 potest
903 2257 940 2322 in
953 2273 1062 2322 sensu
1075 2256 1315 2338 sejunctionis
1328 2255 1438 2320 divor·

323 2363 436 2447 tiique
450 2364 495 2429 ab
513 2363 628 2446 Statu,
647 2366 707 2430 vel
726 2365 914 2446 quusdam
931 2365 1080 2430 odiosae
1113 2364 1336 2446 majoritatis
1366 2378 1438 2427 cum

324 2471 572 2536 indifferentia
589 2477 875 2555 autcontemptu
905 2471 1130 2554 adsociatac‚
1162 2470 1316 2554 perinde
1342 2487 1385 2534 ac
1412 2467 1439 2530 si

324 2578 480 2643 societas
497 2579 669 2660 religiosa
687 2595 776 2661 erga
790 2579 936 2644 civilem
954 2579 1062 2644 nullis
1081 2579 1211 2644 officiis
1246 2577 1436 2658 obstringe-

324 2691 436 2750 retur.

414 2791 489 2856 196.
537 2791 606 2856 Pro
639 2792 923 2875 obligationibus
957 2793 1148 2858 Ecclesiae
1184 2810 1275 2875 erga
1309 2791 1438 2857 Statum

324 2902 424 2963 recte
445 2898 656 2964 definiendis
671 2899 736 2964 abs
749 2917 789 2963 re
814 2918 886 2965 non
900 2901 970 2965 erit
985 2901 1169 2983 principia
1181 2899 1372 2982 generalia
1391 2897 1438 2978 jn-

324 3006 374 3069 ris
389 3006 564 3070 naturalis
583 3007 681 3070 circa
698 3007 896 3072 relationes
911 3007 1102 3088 juridicas·
1123 3008 1341 3072 societatum
1368 3019 1438 3088 per·

326 3112 516 3192 sectarum,
537 3121 643 3194 prout
661 3115 796 3178 eisdem
812 3117 982 3180 membris
998 3117 1225 3199 coalescant,
1246 3114 1322 3179 alia
1346 3129 1437 3194 supe·

325 3217 412 3300 rior,
430 3219 502 3282 alia
524 3236 612 3283 vero
643 3221 794 3284 interior
818 3223 876 3304 sit,
897 3230 933 3286 et
950 3225 987 3287 iu
1004 3229 1102 3288 statu
1136 3221 1358 3288 concordiae
1387 3216 1438 3282 vel

327 3325 727 3392 condictusversentur.

414 3433 571 3498 Primum
589 3435 723 3516 itaque,
743 3436 937 3501 societates
955 3438 1145 3521 perfectae
1176 3444 1213 3504 et
1235 3434 1437 3521 inaequales

326 3542 497 3624 distingui
509 3538 660 3624 possunt
677 3546 926 3628 materialiter,
963 3548 1024 3612 vel
1054 3551 1196 3612 tantam
1229 3545 1434 3612 formaliter:

325 3649 834 3732 materialiterdistinguuntur
851 3655 994 3720 ratione
1012 3658 1258 3738 membrorum,
1287 3673 1367 3721 cum
1392 3665 1438 3714 so·

327 3759 373 3825 cii
386 3759 490 3827 unius
507 3760 606 3826 nullo
622 3762 725 3827 modo
742 3769 825 3827 suut
841 3765 948 3829 alteri
962 3764 1153 3848 adscripti;
1170 3767 1370 3852 formaliter
1386 3775 1436 3823 au·

325 3875 397 3934 tem
416 3869 709 3937 discriminantur
721 3873 863 3937 ratione
888 3875 982 3958 fiais,
1012 3892 1095 3940 curn
1127 3875 1223 3940 duae
1256 3871 1436 3938 societates

327 3989 476 4056 scopum
492 3979 660 4059 specifice
677 3979 860 4046 diversum
877 3979 1026 4064 habent,
1048 3988 1085 4046 et
1101 3987 1188 4047 tunc
1212 3981 1325 4046 iidem
1342 3971 1436 4044 homi·

327 4101 392 4148 nes
411 4086 552 4168 utrique
566 4089 732 4153 societati
748 4091 907 4156 adscribi
924 4095 1089 4174 possunt.

416 4191 555 4257 Deinde
572 4194 609 4258 in
621 4197 855 4262 societatibus
872 4199 1045 4280 perfectis
1073 4199 1220 4265 secerni
1251 4200 1358 4266 debet
1386 4191 1435 4256 du·

330 4296 557 4381 plexstatus,
576 4303 778 4368 concordiae
803 4305 864 4369 vel
881 4306 1068 4392 conflictae:
1097 4311 1217 4372 status
1251 4301 1436 4374 concordiae
