3120 4988
240 513 676 749 Possidio
714 516 1108 760 Hotluoia

219 1134 255 1208 A
271 1135 444 1209 dimidio
465 1135 622 1210 saeculi
643 1135 798 1229 XVIII,
818 1157 900 1232 quo
921 1137 998 1212 Jus
1015 1136 1234 1213 Publicum

114 1261 457 1336 Ecclesiasticum
473 1285 498 1338 a
515 1263 688 1337 Privato
704 1263 873 1360 sejungi
903 1268 1056 1362 coepit,
1093 1266 1234 1362 plures

114 1387 194 1460 viri
215 1397 258 1460 et
274 1387 484 1483 sapientia
500 1388 716 1484 conspicui
732 1391 779 1461 'et
800 1389 852 1462 de
872 1391 1049 1462 scientia
1065 1390 1233 1464 canoni-

115 1531 161 1584 ca
181 1511 342 1608 optime
363 1511 501 1585 meriti
522 1532 694 1608 operam
715 1521 927 1586 navarunt
947 1535 1083 1588 novae
1100 1513 1233 1587 Disci-

114 1635 255 1731 plinae
275 1635 560 1709 enucleandae
576 1645 705 1731 atque
722 1637 835 1710 intra
852 1639 1045 1734 proprios
1079 1637 1234 1710 limites

114 1757 335 1851 finiendae,
360 1781 522 1833 necnon
538 1761 849 1857 quamplurima
867 1784 996 1858 opera
1013 1763 1128 1859 typis
1145 1762 1234 1834 vul-

114 1893 215 1978 gata
231 1891 331 1957 sunt
350 1886 563 1981 praesenti
582 1887 787 1980 centuria3
806 1888 926 1961 nobis
943 1896 1086 1961 tamen
1100 1886 1233 1960 indul·

114 2009 299 2103 gendum
319 2017 395 2100 est,
416 2018 463 2082 ut
483 2009 793 2084 Praelectiones
813 2012 856 2084 iu
889 2009 1121 2085 Seminario
1154 2008 1234 2085 Ge·

114 2134 245 2210 nerali
268 2142 310 2208 et
330 2133 549 2208 Pontificio
570 2134 813 2231 Hispalensi
838 2136 1017 2210 traditas
1038 2137 1081 2209 in
1100 2135 1236 2210 lucem

113 2259 237 2334 edere
259 2260 502 2352 audeamus,
526 2282 621 2333 cum
637 2260 744 2333 haec
760 2261 939 2334 audacia
960 2282 1014 2334 ex
1046 2260 1235 2334 laudabi-

112 2381 141 2455 li
160 2383 323 2457 motivo
340 2384 501 2457 oriatur
517 2405 567 2457 ac
585 2384 780 2480 legitima
816 2385 1091 2458 excusatione
1109 2384 1235 2457 hone·

112 2515 263 2599 stetur,
281 2509 344 2581 uti
360 2509 510 2604 cuique
530 2509 708 2606 patebit,
729 2510 763 2583 si
785 2508 854 2583 vel
869 2503 1021 2583 leviter
1037 2509 1236 2582 innuatur

111 2625 225 2707 ratio
259 2631 339 2705 hoc
373 2654 477 2729 opus
511 2633 627 2729 prelo
657 2633 900 2726 mandandi,
943 2625 1160 2708 methodus
1193 2634 1237 2706 in

111 2756 378 2852 expositione
389 2779 528 2831 rerum
544 2766 729 2850 servata,
749 2766 790 2832 et
802 2749 948 2855 formu
965 2777 1040 2853 pro
1056 2757 1136 2830 hac
1152 2756 1237 2829 dis-

113 2881 327 2976 putationi
343 2882 550 2957 adhibita.

219 3003 274 3076 Et
297 3005 350 3077 ad
371 3006 553 3101 primum
573 3006 684 3101 quod
700 3007 868 3096 attinet,
888 3026 971 3078 non
1005 3025 1116 3078 vana
1149 3003 1236 3077 lau-

113 3127 175 3202 dis
195 3129 433 3225 cupiditate
453 3129 522 3202 vel
542 3130 745 3202 novitatis
766 3111 908 3235 studio
930 3135 1004 3201 aut
1019 3127 1125 3201 lucri
1141 3147 1237 3222 gra·

114 3253 173 3326 tia
190 3254 372 3349 permoti
392 3252 504 3326 hunc
519 3262 750 3327 tractatum
770 3253 948 3344 edimus,
984 3252 1058 3325 sed
1096 3271 1238 3325 amore

112 3377 277 3450 sincero
298 3377 413 3450 ducti
433 3397 538 3471 erga
554 3375 954 3472 Ecclesiam,'quam
993 3388 1039 3449 ut
1059 3375 1237 3450 Matrem

111 3501 421 3598 impensissime
440 3521 698 3592 reveremur,
722 3523 826 3596 erga
846 3497 1029 3593 (ilerum,
1054 3501 1096 3573 in
1116 3499 1235 3594 cujus

112 3645 286 3698 censum
305 3623 405 3698 licet
425 3624 590 3720 indigni
611 3630 871 3720 cooptamur,
895 3630 1024 3718 atquo
1047 3643 1150 3718 erga
1167 3622 1236 3713 ju-

112 3755 331 3822 ventutem
347 3746 594 3837 studiosam,
610 3746 665 3820 ad
677 3747 795 3838 cujns
811 3745 1121 3820 institutionem
1143 3745 1236 3841 plus

112 3893 241 3967 quam
262 3872 418 3968 viginti
452 3871 573 3944 annis
612 3869 725 3943 vires
763 3877 929 3943 nostras
966 3869 1233 3959 conferimus,

111 3996 319 4089 ejusmodi
339 3995 476 4070 orales
497 3995 804 4092 explicatIones
822 3993 1087 4090 evulgamus.

219 4117 274 4192 Et
294 4141 394 4195 sane
413 4119 603 4194 Ecclesia
622 4127 768 4194 nostra
787 4125 944 4210 aetate,
968 4127 1077 4191 teste
1097 4117 1234 4212 quoti-

110 4243 242 4318 diana
258 4253 300 4318 et
315 4245 507 4320 luctuosa
524 4243 803 4341 experientia,
822 4263 907 4316 non
924 4241 1146 4338 Impetitur
1159 4239 1239 4312 hoc

112 4367 183 4442 vel
204 4369 276 4444 illo
296 4389 452 4461 errore,
475 4389 560 4442 una
579 4368 649 4442 vel
686 4369 773 4442 alia
811 4366 991 4457 haeresi,
1032 4361 1240 4460 singulari
