3024 4994
506 457 684 518 -211-

65 600 232 684 respondit,
251 601 368 669 delicti
380 605 598 690 pravitatem,
617 610 655 670 att
671 603 813 688 quidam
830 603 980 696 damnis,
1011 605 1153 689 quidam

65 709 239 791 uerberibus,
254 717 287 775 et
299 710 441 794 quidam
452 710 659 792 dictrictiua,
674 709 817 795 quidam
830 730 909 777 vero
921 712 1032 776 lacius
1046 713 1153 777 corri-

64 823 193 900 paatar...
206 823 237 882 et
249 837 325 882 cum
333 817 457 902 paullo
471 817 667 882 dictrictius
679 817 809 901 apator,
818 837 862 882 ec
875 817 1043 883 alteritate
1053 827 1153 903 ap'ert·

13 1005 14 1008 Ἴ
64 923 125 986 lum
140 929 194 1005 aet,
209 931 240 989 et
255 944 380 988 ponec
390 925 554 1009 furore...
573 924 667 988 Haec
690 943 768 1009 erpo
802 923 956 990 ebaritas
983 925 1021 990 ira
1045 932 1154 990 inerte

63 1031 180 1096 tratactu
192 1038 251 1111 eet,
267 1037 298 1096 et
313 1033 393 1116 ipsa
406 1032 543 1098 modum
557 1032 779 1098 correctionis
797 1031 1048 1114 dictat(1)13.⁰
1063 1029 1153 1097 Con·

13 1129 14 1222 J
63 1136 199 1201 ciliorum
230 1137 432 1214 doctrinam
466 1138 678 1204 Tridentina
711 1143 807 1203 enim
838 1137 1003 1222 synodus
1033 1139 1154 1204 officia

62 1240 295 1327 Episcoporum
337 1244 559 1327 describens,
607 1249 800 1329 postquam
844 1246 1151 1329 benevolentiam,

62 1349 324 1416 exhortationem
342 1355 378 1416 et
407 1351 623 1416 charitatem
656 1351 692 1417 in
725 1351 941 1434 corrigendo
975 1369 1153 1417 commen-

61 1454 171 1540 desset,
188 1458 239 1523 iia
256 1459 385 1540 inquit:
405 1457 469 1524 Sia
484 1466 598 1524 autem
616 1461 655 1525 ob
672 1459 789 1525 delicti
805 1460 1023 1545 pravitatem,
1054 1461 1154 1545 virpa

61 1585 126 1647 apae
137 1566 255 1652 faerit·
273 1573 353 1632 tuac
370 1587 445 1633 cam
458 1567 719 1632 tractactudiae
736 1567 844 1653 ripor,
860 1587 936 1631 cum
959 1567 1152 1634 misericor·

13 1681 15 1762 5
60 1671 290 1755 uictoriarum,
308 1693 383 1737 cum
397 1673 536 1738 lenitate
548 1675 715 1738 reveritae
731 1673 926 1738 adhibenda
944 1680 1004 1738 eet:
1019 1680 1057 1738 ut
1080 1675 1154 1738 aine

13 1837 14 1840 ,
59 1781 219 1862 asperitate
236 1779 425 1864 disciplina
431 1780 576 1865 populis
592 1780 761 1846 salutaris
792 1801 833 1845 ac
863 1782 1059 1846 peccatoria
1077 1802 1154 1847 cora·

59 1894 198 1952 careatur:
210 1895 242 1954 et
254 1889 313 1972 qai
326 1889 471 1953 correcti
477 1888 623 1973 fuerint,
642 1887 918 1972 “emendentur„
933 1895 1006 1968 aut,
1023 1889 1055 1954 ai
1071 1890 1155 1953 reai-

54 1993 165 2074 piscere
179 1996 364 2076 noluerint,
380 1995 517 2076 caeteri,
534 1996 669 2060 salubri
699 1997 735 2060 ia
760 2016 815 2060 eoa
842 1994 1155 2060 animadversionis

60 2095 242 2186 '‘exemplo„
254 2123 276 2167 a
289 2102 385 2166 vitiis
399 2101 638 2167 deterreantur
653 2103 715 2184 (2):
729 2099 781 2165 4.⁰
794 2100 1019 2166 Summarum
1035 2101 1154 2165 Ponti-

59 2204 142 2270 ficum
158 2207 376 2284 testimoni03
396 2225 478 2279 nam
497 2207 581 2272 Pius
600 2207 649 2272 VI
676 2208 714 2271 in
743 2207 847 2272 Bulla
875 2207 1058 2274 Auctorem
1072 2207 1154 2294 fidei

59 2309 219 2379 Ecclesiae
236 2314 428 2379 vindicans
445 2317 665 2396 potestatem
685 2313 878 2379 coercendi
895 2320 1005 2398 utque
1024 2331 1153 2397 cogen-

59 2416 93 2499 di,
109 2419 206 2486 docet
222 2421 340 2504 ipsam
354 2420 529 2486 adhibere
546 2438 656 2503 posse
672 2438 810 2504 poenas
828 2422 997 2487 salubres.

128 2527 197 2592 128.
246 2527 448 2593 Recensitis
466 2528 652 2592 canonicis
670 2529 811 2611 poenis,
831 2544 1028 2611 earumque
1052 2530 1154 2591 natu·

58 2647 89 2693 ra
103 2631 262 2700 distincte
281 2633 441 2715 definita,
479 2635 666 2717 quaeritur
685 2633 735 2698 1.⁰
753 2653 800 2699 an
816 2633 982 2698 Ecclesia
1001 2633 1038 2698 vi
1055 2635 1154 2716 pote·

58 2742 140 2804 statis
156 2742 343 2826 punitivaa
359 2759 497 2825 poenas
514 2742 625 2806 etiam
649 2742 869 2825 temporales
897 2742 1061 2824 infligere
1075 2757 1154 2822 pos·

57 2845 102 2910 sit.

127 2955 258 3022 Hacde
276 2975 315 3022 re
334 2957 469 3039 duplex
486 2956 590 3021 adest
618 2958 740 3040 opinio
770 2956 868 3040 apud
901 2956 1089 3038 theologos
1119 2959 1155 3020 et

55 3059 193 3146 juristae
213 3065 276 3129 alii
292 3064 509 3129 sententiam
538 3065 750 3148 negativam
783 3070 941 3147 tuantur,
974 3063 1038 3128 alii
1065 3065 1154 3128 verb

57 3169 259 3246 probabilius
273 3175 310 3237 et
322 3171 458 3236 rectius
473 3173 745 3238 affirmativam.
773 3171 841 3254 Qui
858 3178 994 3256 negant
1007 3191 1073 3256 pro
1091 3191 1156 3237 sua

57 3279 217 3344 sententia
232 3283 307 3343 tres
325 3278 561 3362 probationes
575 3280 770 3345 adducunt:
788 3283 814 3361 ⁸)
832 3285 1084 3364 argumentum
1101 3297 1156 3344 ra·

56 3380 160 3464 tionis;
176 3389 337 3468 potestas
351 3385 445 3450 enim
464 3385 665 3470 Ecclesiae,
685 3392 763 3452 tota
780 3393 920 3470 quanta
953 3393 1020 3468 est,
1053 3385 1156 3468 spiri·

56 3488 149 3553 tualis
162 3493 301 3556 omnino
320 3497 388 3574 est,
407 3491 562 3575 ideoque
577 3493 660 3576 jure
678 3495 825 3576 proprio
840 3493 976 3576 gaudet
989 3492 1154 3557 christia·

56 3608 109 3656 nos
126 3594 302 3680 hortandi,
320 3597 549 3682 objurgandi,
566 3602 737 3666 movendi
753 3601 869 3683 gradu
888 3599 1153 3680 ecclesiastico,

55 3695 353 3770 Sacramentorum
367 3723 433 3770 usu
451 3707 613 3790 arcendi,
647 3714 757 3791 atque
790 3710 899 3773 etiam
920 3709 965 3772 ab
983 3706 1155 3772 ecclesia·

56 3805 134 3870 stica
148 3813 391 3877 communione
409 3814 553 3896 penitus
571 3815 802 3898 segregandi;
822 3815 917 3898 quod
934 3815 965 3879 si
978 3814 1068 3879 haec
1081 3830 1155 3876 non

54 3914 256 4002 sufficerent,
271 3921 518 4003 gravioraque
533 3921 694 3986 remedia
718 3926 841 3986 essent
873 3919 1077 3987 adhibenda
1109 3919 1156 3984 ad

56 4017 220 4103 improbos
233 4027 270 4090 in
284 4027 404 4092 officio
428 4028 679 4112 continendos,
699 4027 886 4094 Ecclesiae
905 4028 1048 4112 quidem
1072 4027 1156 4092 lice-

56 4176 219 4192 ““····-··--ι

116 4305 151 4369 (l)
184 4308 271 4375 Epist.
286 4309 329 4363 et.
339 4325 415 4378 resp.
428 4311 452 4364 4.
467 4311 515 4365 lib.
525 4312 575 4364 XI.

116 4375 151 4444 (2)
184 4379 255 4434 Sese.
278 4381 358 4449 XIII,
367 4379 575 4452 capldellef.
