3024 4994
523 370 700 431 -193-

73 517 138 598 ejus
153 517 323 600 regimine
341 523 451 604 atque
468 517 597 602 politia
610 519 888 600 connectantur,
908 517 1081 601 potestati
1098 534 1174 584 sae·

73 625 172 690 culari
187 625 399 692 tribuentes.

144 731 371 798 lansenistae
389 749 477 797 vero
495 731 572 798 lact·
589 731 625 795 et
642 731 704 816 qui
720 730 815 796 iuter
842 729 1047 814 Regalistas
1067 731 1176 798 mitio·

71 859 116 904 res
140 840 297 922 audiunt,
331 839 544 904 facultatem
576 838 824 921 legislativam
863 837 1051 905 Ecclesiae
1079 838 1174 904 ultro

70 946 267 1029 concedunt,
287 949 324 1012 et
340 945 463 1029 palam
481 947 643 1010 fatentur
656 945 773 1029 ipsam
808 945 909 1029 leges
942 945 1039 1011 farre
1068 961 1176 1029 posse

70 1070 130 1116 non
144 1053 307 1119 salumin
320 1052 447 1118 ordine
463 1051 645 1135 spirituali
660 1052 809 1135 interito,
826 1069 954 1118 verum
988 1051 1098 1117 etiam
1116 1073 1173 1119 eoa·

70 1166 165 1242 farao,
181 1159 244 1226 sed
261 1177 343 1225 cum
357 1159 427 1224 hac
439 1157 685 1242 restrictione,
704 1157 896 1224 dummodo
914 1163 1045 1243 agatur
1059 1158 1103 1224 de
1120 1176 1174 1226 re·

70 1265 125 1330 bus
140 1266 387 1350 spiritualibus
400 1265 577 1348 externis,
594 1282 687 1349 quae
704 1265 777 1330 sint
804 1268 951 1352 propria
981 1271 1017 1331 et
1049 1267 1176 1333 directe

68 1373 274 1455 spirituales;
290 1373 433 1457 reliqua
450 1376 571 1438 autom
588 1389 682 1457 quae
696 1390 804 1438 sensu
822 1373 1021 1457 improprio
1045 1373 1107 1438 vel
1123 1372 1174 1438 in·

70 1477 191 1545 directo
220 1480 429 1563 spiritualia
457 1483 643 1562 putantur,
678 1479 906 1563 Principibus
951 1478 1173 1563 adjudicant3

69 1585 193 1667 quodsi
209 1586 378 1652 Ecclesia
395 1586 506 1652 dehis
524 1586 632 1651 rebus
663 1587 865 1669 cognoscit,
892 1584 1033 1668 judicat
1065 1591 1175 1672 atque

70 1691 178 1758 definit
193 1694 268 1759 suis
286 1694 423 1777 regulis
439 1699 548 1777 atque
565 1695 724 1775 statutis,
740 1711 812 1758 non
841 1693 924 1776 jure
956 1693 1107 1776 proprio
1140 1698 1176 1759 et

70 1800 245 1866 exclusiva
258 1803 504 1884 competentia
517 1801 605 1884 agit,
624 1800 689 1866 sed
707 1799 885 1883 ejusmodi
900 1801 1078 1866 facultate
1109 1800 1174 1866 uti·

70 1910 117 1971 tur
129 1926 171 1972 ex
188 1909 436 1992 concessione,
449 1907 706 1974 benevolentia
725 1911 787 1972 aut
813 1907 950 1991 Regum
965 1907 1172 1973 tolerantia.

144 2015 215 2080 113.
265 2015 443 2081 Doctrina
460 2019 583 2081 autem
607 2013 792 2096 catholica
824 2015 924 2080 circa
955 2018 1176 2098 potestatem

69 2117 239 2187 Ecclesiae
252 2122 445 2205 legiferam
462 2138 577 2206 prope
593 2121 793 2186 innumeris
813 2117 1057 2187 Conciliorum
1091 2121 1175 2186 deii·

70 2227 259 2312 nitionibus,
278 2229 516 2313 apertissimis
542 2227 764 2294 christianae
797 2227 1018 2294 Traditionis
1050 2246 1174 2293 monu-

70 2337 194 2419 mentis,
209 2337 398 2421 sacrisque
411 2337 655 2402 Romanorum
668 2335 881 2400 Pontificum
911 2334 1176 2401 constitutioni·

69 2439 123 2506 bus
139 2444 355 2509 concinnata
373 2448 482 2528 atque
500 2444 545 2509 ab
559 2442 724 2508 omnibus
758 2439 892 2508 Christi
920 2442 1086 2508 fidelibus
1115 2460 1174 2508 ne·

70 2551 211 2616 cessario
229 2551 446 2635 profitenda,
462 2551 638 2632 declarat,
655 2549 783 2616 statuit
794 2567 838 2614 ac
852 2548 958 2614 docet
972 2548 1175 2616 Ecclesiam

70 2669 106 2720 ex
117 2656 235 2724 Divini
247 2659 303 2724 sui
315 2659 532 2724 Fundatoris
546 2657 776 2723 institutione
792 2656 1011 2722 auctoritate
1024 2657 1174 2740 propria

70 2763 183 2844 otjure
199 2764 325 2830 nativo
343 2764 445 2848 fungi
471 2763 516 2830 ad
548 2765 650 2846 leges
683 2763 937 2847 disciplinares
966 2763 1174 2830 condendas

69 2865 146 2935 haec
161 2875 316 2955 quatuor
332 2872 456 2955 capita
473 2871 770 2955 complectentes:
791 2868 841 2935 1.⁰
874 2887 932 2934 res
965 2869 1174 2953 spirituales

70 2983 213 3044 eotmaas
228 2996 293 3043 seu
310 2980 474 3061 visibilem
490 2977 542 3044 2⁰
555 2995 615 3044 res
629 2977 765 3043 ordinis
777 2975 955 3042 naturalis
968 2984 1174 3063 superacta·

71 3084 235 3168 relicatam
254 3085 307 3150 3.·⁰
326 3103 385 3150 res
399 3086 621 3169 temporales
634 3085 925 3171 spiritualiaotao;
943 3083 996 3149 4.⁰
1014 3101 1073 3150 res
1088 3087 1175 3152 mia·

71 3194 191 3257 tuaetsi
221 3193 437 3277 quibusdam
465 3192 756 3258 restrictionibus
782 3190 965 3274 adhibitis,
989 3192 1175 3277 dequibus

71 3304 180 3376 postea
198 3300 399 3383 loquemur.

143 3405 209 3471 Pro
242 3406 378 3472 tuenda
410 3407 520 3490 igitur
561 3411 671 3492 atque
701 3406 974 3472 corroboranda
1008 3407 1174 3472 doctrina

70 3511 233 3579 catholica
250 3514 286 3579 in
312 3514 566 3580 controversia
583 3514 674 3579 adeo
707 3513 1037 3598 praestantissima,
1071 3512 1175 3578 nobis

70 3625 336 3686 consentaneum
350 3621 496 3686 videtur
513 3627 667 3705 quatuor
681 3621 905 3686 universalia
919 3619 1098 3704 principia
1111 3636 1175 3686 seu

71 3729 198 3807 regulas
243 3728 639 3812 dogmatico-juridicas
667 3727 843 3808 stabilire,
877 3745 971 3810 quae
1010 3743 1175 3792 normam

70 3833 267 3900 tutissimam
282 3836 487 3918 praebeant
500 3836 546 3900 ad
560 3847 662 3901 recte
679 3834 855 3901 liniendos
868 3833 1002 3899 limites
1016 3838 1174 3917 potesta-

71 3937 390 4008 tisecclesiasticae
418 3944 455 4007 et
487 3943 619 4024 civilis,
644 3942 943 4026 quandocumque
975 3941 1175 4007 solvendae

71 4043 253 4114 obveniant
270 4050 504 4132 quaestiones
522 4067 603 4114 cum
620 4048 746 4114 ordine
763 4048 944 4132 spirituali
961 4047 1021 4112 vel
1038 4051 1174 4130 tempo·

72 4151 129 4216 rali
144 4172 341 4221 connexae.

148 4263 217 4330 114.
267 4264 406 4348 Regula
421 4266 484 4330 l.²:
501 4266 656 4332 Potestas
666 4264 841 4330 Ecclesiae
854 4262 1174 4348 teseproteadt'tju·

1091 4385 1123 4438 tl
