3034 4990
547 396 725 458 -307—

97 555 183 622 gens,
201 538 321 604 media
336 558 424 606 suae
441 543 707 624 competentiae
725 541 873 608 adhibet
889 561 936 609 ex
953 549 1085 610 natura
1117 564 1194 629 sua,

96 665 152 713 non
165 666 250 714 vero
265 666 311 714 ex
326 649 556 732 delegatione
570 651 734 716 alterius:
749 652 800 717 2.⁰
810 653 985 734 Judioium
1004 653 1103 718 circa
1115 672 1194 737 pos-

95 755 284 821 sibilitatem
302 756 364 822 vel
392 759 703 841 opportunitatem
720 759 918 825 mediorum
947 777 1041 843 quae
1053 762 1088 825 in
1104 760 1196 825 ordi-

93 879 127 927 ne
142 867 289 928 externo
303 864 404 929 civili
418 865 639 947 applicanda
658 873 753 948 sunt,
775 867 919 950 quando
936 867 1113 933 dubitatio
1132 868 1196 932 ali·

93 987 150 1052 qua
162 976 288 1036 exorta
302 971 412 1036 fuerit
426 972 471 1036 ob
482 973 647 1038 timorem
673 974 972 1056 perturbationis,
987 974 1196 1039 rebellionis

92 1077 139 1140 vel
155 1081 304 1159 apertae
318 1077 627 1160 contradictionis,
644 1079 691 1142 ad
707 1077 848 1144 Statum
865 1098 1008 1162 quoque
1023 1081 1193 1163 pertinet,

91 1184 230 1267 eoquod
246 1185 325 1267 ipse
350 1185 434 1267 jure
452 1187 598 1268 proprio
616 1189 652 1250 et
669 1187 796 1251 mediis
827 1187 884 1251 sui
917 1186 1053 1252 ordinis
1085 1189 1195 1253 utitur

91 1308 146 1372 pro
160 1291 326 1356 Ecclesia
340 1290 486 1358 tuenda.

166 1399 292 1481 Quoad
308 1407 472 1466 acturam
489 1400 722 1484 defensionis,
741 1419 822 1466 cum
850 1405 980 1484 agatur
1009 1402 1053 1467 de
1077 1408 1196 1486 prote·

91 1507 195 1572 ctione
211 1513 352 1574 tantum
369 1508 609 1590 ministeriali,
629 1508 751 1574 Status
765 1514 920 1574 tenetur:
937 1508 986 1573 1.⁰
1003 1511 1119 1593 sequi,
1135 1511 1195 1574 ml·

90 1615 172 1681 nime
186 1620 307 1682 autem
323 1615 497 1699 judicium
516 1615 704 1682 Ecclesiae
728 1617 959 1700 praevenire,
979 1619 1196 1705 nequsJ'ari-

89 1723 153 1788 dice
182 1723 366 1789 doctrinas
400 1728 436 1789 et
468 1725 656 1807 opiniones
685 1724 866 1789 censendo
896 1727 981 1789 ante
1008 1725 1197 1791 Ecclesiae

89 1829 332 1912 definitionem,
351 1849 469 1914 neque
483 1833 638 1917 practice
655 1832 859 1896 haereticos
874 1831 1069 1916 puniendo,
1095 1837 1196 1898 ante·

88 1952 185 2017 quam
201 1937 368 2002 Ecclesia
386 1937 431 2002 de
449 1938 600 2004 crimine
617 1938 779 2003 haeresis
792 1956 894 2003 suam
913 1941 1131 2005 sententiam
1144 1945 1196 2004 tu·

15 2119 16 2122 ¹
88 2042 173 2108 lerit:
190 2044 241 2110 2⁰
258 2062 410 2110 servare
425 2047 542 2128 justos
562 2045 694 2110 limites
711 2045 749 2109 in
767 2044 989 2128 defensione,
1024 2064 1069 2112 ne
1086 2047 1198 2126 impe·

15 2137 17 2190 †
88 2149 196 2217 diatur
232 2153 313 2216 finis
337 2152 539 2234 Ecclesiae,
571 2169 665 2235 quae
693 2152 890 2234 praecipue
923 2158 959 2217 et
988 2152 1144 2217 maxime
1162 2171 1195 2218 o·

88 2259 209 2324 mnium
223 2259 380 2325 salutem
405 2259 607 2324 animarum
621 2259 786 2341 intendit,
804 2277 847 2324 ac
861 2259 1013 2342 proinde
1038 2261 1195 2343 irritare,

87 2366 286 2450 reprobare,
303 2365 365 2432 vel
379 2367 608 2432 excessivam
626 2372 688 2431 aut
701 2367 1019 2432 inconvenientem
1033 2366 1194 2432 declara-

87 2489 121 2536 re
136 2476 252 2555 potest
267 2473 531 2556 protectionem
548 2475 617 2556 ipsi
652 2491 674 2537 a
706 2472 934 2557 Principibus
968 2475 1195 2557 praestitam,

88 2578 132 2642 uti
146 2595 201 2645 ex.
219 2598 275 2663 gr.
291 2581 379 2645 iecit
393 2580 539 2644 saeculo
574 2580 678 2645 XVII
711 2582 904 2646 occasione
937 2581 1198 2647 celeberrimae

88 2701 209 2751 causae
240 2686 463 2752 ludaeorum
492 2687 704 2769 Hispaniae.

164 2795 345 2860 Protectio
358 2796 469 2878 igitur
487 2795 608 2860 Status
629 2797 700 2860 tria
729 2795 916 2877 potissima
948 2793 1070 2876 capita
1104 2813 1196 2859 com-

87 2901 258 2982 plectitur:
276 2903 327 2968 1.⁰
344 2905 438 2968 tueri
455 2903 662 2968 libertatern
680 2903 1126 2986 potcstatislegislativae,
1142 2905 1197 2986 ju-

87 3007 248 3076 diciariae
267 3017 303 3076 et
317 3011 508 3077 coactivas
521 3012 723 3093 Ecclesiac3
743 3009 794 3074 a⁰
813 3010 990 3093 impedire
1022 3011 1197 3076 turnultus

88 3132 126 3180 ac
137 3118 329 3184 seditiones
347 3123 476 3184 contra
494 3120 572 3201 ejus
601 3119 869 3194 auctoritatem,
885 3137 1027 3184 necnon
1041 3119 1198 3184 rebelles

89 3229 379 3311 contumacesque
392 3244 575 3310 coercere3
591 3225 641 3292 3.⁰
650 3227 794 3291 sancire
810 3232 846 3291 et
872 3225 1119 3291 obsecundare
1133 3223 1197 3288 Ec·

88 3330 210 3397 clasiae
223 3333 519 3417 deliberationes,
539 3352 681 3418 unaque
696 3351 842 3398 suarum
859 3333 980 3416 legum
998 3332 1197 3397 exsecutio·

90 3452 162 3503 nem
179 3457 321 3522 urgere.

167 3548 241 3612 192.
291 3547 472 3613 Doctrina
486 3565 576 3614 vero
591 3547 772 3613 catholica
789 3547 859 3612 hac
871 3563 979 3628 super
995 3562 1035 3610 re
1053 3561 1196 3608 asseve-

88 3656 200 3719 ranter
215 3655 340 3720 tradit:
377 3656 569 3738 Principes
596 3655 820 3737 Religionem
849 3653 900 3717 ita
931 3651 1024 3716 tueri
1050 3649 1196 3734 debere,

88 3760 121 3820 ut
134 3757 317 3827 Ecclesiae
330 3761 470 3844 iudicia
488 3780 559 3827 non
578 3765 825 3842 antevertant,
841 3759 904 3824 sed
921 3762 1134 3841 sequantur;
1154 3757 1198 3821 si-

88 3867 220 3951 mulque
236 3870 379 3935 modum
399 3875 549 3935 servent
566 3871 612 3934 ab
629 3870 709 3953 ipsa
739 3869 905 3934 Ecclesia
930 3866 1198 3949 praescriptum

21 4033 25 4048 ,
90 3985 146 4050 pro
163 3978 364 4042 animarum
381 3977 500 4042 salute
518 3979 628 4042 tutius
651 3974 890 4060 assequenda.
925 3971 1109 4056 Ejusmodi
1141 3990 1198 4037 ca-

89 4076 210 4147 tholica
228 4085 383 4149 assertio
400 4085 509 4168 plane
527 4085 708 4149 evincitur
723 4081 948 4148 ineluctabili
971 4081 1119 4146 rationis
1148 4085 1198 4144 te-

90 4186 255 4272 stimonio,
275 4201 451 4273 perpetuo
478 4193 681 4258 traditionis
698 4209 806 4257 sensu
834 4194 871 4255 et
888 4189 1072 4254 luculenta
1089 4189 1196 4253 coaci-

91 4288 203 4360 tiorom
218 4298 396 4363 doctrina.
