3146 4980
601 407 808 465 -379-·

132 551 288 636 flecioaca
302 549 455 615 Metalce
466 548 591 629 edidit,
603 553 659 614 tot
684 550 828 632 damna,
850 554 1044 632 tantasque
1063 550 1252 615 dissentio·

135 659 281 720 nestum
293 655 390 720 inter
404 655 618 738 Episcopos,
633 661 709 720 tum
726 657 822 722 inter
839 657 965 722 fideles
979 657 1183 740 gignentes.

220 762 295 826 245.
343 763 438 828 Nota
467 763 763 830 characteristica.
798 763 835 830 Si
863 765 943 848 quis
976 781 1064 828 vero
1095 782 1119 827 a
1149 764 1253 828 nobis

135 867 334 934 sciscitetur
351 886 532 951 quaenam
549 869 596 934 sit
608 875 739 936 natura
758 872 909 952 propria
922 871 1057 934 erroris
1075 876 1112 934 et
1128 875 1253 934 sectae

131 975 378 1056 jansenianae,
412 975 550 1058 absque
582 977 658 1040 ulla
687 978 920 1042 cunctatione
953 976 1253 1058 respondebimus

135 1081 307 1162 ejusmodi
337 1081 519 1147 haeresim
547 1100 627 1148 esse
656 1099 805 1165 prorsus
830 1084 1088 1171 indefinibilem
1118 1083 1252 1147 etenim

133 1193 331 1254 sectatores
344 1193 382 1253 et
391 1189 554 1254 fautores
566 1189 589 1254 J
591 1190 732 1254 ansenii
743 1191 881 1256 nahum
890 1195 1052 1272 systema
1065 1191 1253 1272 proprium

133 1294 229 1360 circa
244 1294 447 1360 Ecclesiam
465 1294 717 1376 condiderunt,
733 1295 797 1360 sed
815 1313 882 1378 pro
901 1301 1103 1378 temporum
1123 1313 1252 1377 oppor-

133 1401 285 1466 tunitate
297 1401 405 1466 modo
423 1419 546 1481 unum,
565 1400 670 1465 modo
688 1400 788 1466 aliud
800 1419 847 1466 ex
864 1402 1054 1466 recensitis
1077 1406 1252 1482 systema·

133 1507 234 1588 tibus,
253 1509 472 1591 praesertim
489 1525 578 1574 vero
596 1508 865 1591 Richerianum‚
892 1509 972 1572 sive
1005 1517 1142 1590 aperte,
1173 1508 1253 1572 sive

131 1613 333 1679 clanculum
352 1615 512 1696 amplexi
529 1619 625 1678 sunt.

217 1719 354 1785 Tamen
372 1722 508 1802 optimo
523 1722 605 1800 jure
621 1722 802 1803 integrum
817 1721 886 1785 erit
904 1721 1007 1786 nobis
1036 1735 1254 1785 asseverare

133 1825 381 1891 characterem
398 1827 622 1909 peculiarem
636 1833 746 1910 atque
763 1833 887 1891 notam
906 1827 1128 1908 privativam
1147 1826 1254 1906 huJus

131 1934 339 2013 systematis
356 1935 418 1997 vel
434 1935 554 2016 potius
569 1935 787 1998 execrabilis
806 1941 931 1998 sectae
945 1951 1024 1998 esse
1041 1933 1175 2013 dolum,
1191 1929 1253 2012 hy'-

132 2041 319 2120 procrisim
337 2057 382 2104 ac
400 2041 641 2122 mendacium,
660 2041 745 2124 quia
758 2041 780 2106 J
783 2043 974 2105 anseniani
1005 2041 1043 2104 in
1075 2046 1255 2122 perpetua

131 2147 329 2212 rebellione
344 2157 472 2212 contra
485 2148 688 2214 Ecclesiam
703 2149 890 2228 exstitere,
907 2149 985 2229 ejus
998 2147 1253 2211 auctoritatem

131 2251 374 2335 deprimentes
391 2258 428 2318 et
445 2257 528 2320 totis
546 2256 685 2319 viribus
719 2255 991 2335 conculcantes,
1020 2253 1089 2318 etsi
1107 2252 1254 2317 aliunde

131 2359 405 2428 submissionem
422 2373 458 2424 et
474 2361 719 2426 obedientiam
737 2362 888 2425 subdole
906 2367 943 2425 et
960 2360 1124 2442 captiose
1142 2359 1252 2440 finge·

131 2481 168 2528 re
180 2467 304 2530 conati
318 2473 413 2547 scint,
428 2484 473 2531 ne
487 2468 534 2531 ab
548 2465 715 2532 Ecclesia
728 2468 962 2548 ejicerentur,
979 2479 1016 2530 et
1030 2471 1068 2530 ut
1088 2465 1168 2530 veri
1200 2481 1254 2529 se-

130 2573 235 2637 ctarii
252 2579 290 2637 et
305 2573 483 2639 haeretici
499 2573 677 2639 declarati
694 2574 928 2639 haberentur.

216 2679 294 2744 246.
345 2679 522 2746 Eacaceia.
559 2681 784 2762 Praecipuae
814 2681 1035 2761 propagines
1062 2685 1098 2742 et
1115 2680 1255 2743 formae

128 2781 361 2867 Jansenismi,
382 2787 509 2851 ordine
534 2787 792 2869 chronologico
821 2793 982 2866 servato,
1016 2785 1062 2849 ad
1096 2797 1255 2867 quatuor

130 2899 248 2954 sectas
265 2893 435 2956 revocari
453 2899 616 2974 possunt:
631 2895 1002 2980 sectamur-istarum,
1036 2891 1127 2955 duce
1162 2891 1253 2955 Van-

130 2992 275 3078 Spenio;
288 3006 427 3062 sectam
441 2999 683 3084 theoloporam,
698 3000 757 3065 cui
783 3000 993 3082 praeficitur
1009 2997 1253 3080 Quosnellius3

130 3109 265 3168 sectam
280 3106 697 3188 aulicorum,Eybellium
710 3107 814 3172 velut
827 3107 1107 3189 antesignanum
1120 3105 1254 3170 haben-

130 3213 214 3291 tem;
229 3210 386 3294 denique
409 3217 548 3276 sectam
577 3215 849 3292 canonistarum,
885 3213 1158 3277 moderantibus
1183 3211 1256 3277 Sci-

129 3316 237 3396 pione
255 3317 354 3382 Ricci
367 3325 478 3400 atque
491 3318 600 3384 Petro
618 3319 841 3384 Tamburini.

220 3426 272 3488 1.⁰
318 3425 360 3489 In
374 3425 500 3507 Belgio
519 3425 601 3489 odio
615 3433 651 3489 et
663 3425 982 3490 animadversione
1007 3443 1095 3508 erga
1123 3425 1253 3490 Sedem

129 3527 378 3612 Apostolicam
396 3531 562 3596 omnibus
581 3537 747 3614 praestet
764 3536 801 3595 et
828 3532 968 3596 tristem
1000 3532 1253 3596 celebritatem

129 3641 330 3702 nactusest
358 3638 567 3703 Bernartius
596 3637 742 3720 Sigerus
772 3637 979 3720 Van-Spen,
1005 3637 1162 3702 Levanii
1192 3655 1254 3701 na·

130 3745 185 3808 tus
203 3761 300 3808 anuo
319 3743 416 3810 1645.
439 3745 654 3826 Hujusmodi
668 3743 843 3828 scriptor,
870 3745 1049 3827 pervicax
1066 3743 1255 3808 Ecclesiae

129 3855 164 3914 et
178 3849 422 3916 Romanorum
442 3852 654 3917 Pontificum
673 3851 809 3933 hostes,
826 3850 1087 3916 Gallicanismo
1102 3856 1139 3914 et
1169 3850 1254 3915 Jan·

130 3959 286 4022 seuismo
303 3959 460 4025 maxime
478 3960 660 4037 addictus,
680 3977 851 4042 magnum
883 3966 919 4023 et
953 3959 1132 4023 eruditum
1165 3976 1256 4043 opus

130 4061 173 4129 de
188 4065 276 4130 Jare
290 4065 536 4134 Ecclesiastico
549 4067 779 4148 conscripsit,
795 4067 883 4130 licet
900 4065 1084 4130 erroribus
1098 4067 1256 4149 undique

131 4179 288 4254 scatens,
308 4179 345 4238 et
362 4173 549 4239 doctrinas
565 4175 787 4257 notitiasque
818 4189 908 4256 quas
939 4178 1041 4237 recta
1070 4180 1192 4239 mente
1220 4179 1258 4236 et

128 4273 304 4344 laudabili
318 4297 430 4363 scopo
439 4279 647 4348 Ludovicus
660 4280 918 4346 Thomassinus
927 4279 970 4344 iu
982 4279 1255 4364 suumpraecla·
