3120 4988
813 372 970 434 ..72-

332 517 418 584 tatis
435 519 633 602 superioris
651 523 761 603 atque
778 519 1024 603 dependentia
1051 520 1199 604 Imperii
1217 521 1263 585 ab
1281 539 1337 604 ea,
1365 522 1450 603 jnra

332 625 492 710 positiva
508 625 715 708 Principum
742 626 865 708 laedit,
881 625 1118 709 hominesque
1134 627 1181 692 ab
1194 625 1450 710 amplectenda

330 731 509 816 religione
526 737 685 814 amovet;
701 749 788 816 ergo
805 733 929 816 respui
948 733 1057 798 debet
1069 739 1255 818 tamquam
1269 733 1382 799 Statui
1395 735 1449 798 in-

327 839 515 922 juriosaet
526 838 715 906 Ecclesiae
728 839 932 906 catholicae
947 841 1071 906 noxia.

420 945 527 1030 Resp.
546 945 703 1011 Theonis
716 947 859 1029 Juribus
876 947 986 1030 regiis
1008 945 1207 1013 detrahens
1239 947 1449 1030 repellenda

331 1059 399 1136 est,
417 1055 499 1120 diat.
534 1055 633 1136 maj.:
665 1055 696 1120 si
719 1055 805 1137 iura
823 1055 1006 1120 naturalia
1038 1054 1245 1138 Principum
1276 1055 1451 1119 minueret

330 1161 561 1244 naturaliter,
579 1180 687 1242 conc.;
702 1162 1042 1245 supernaturaliter,
1060 1163 1266 1244 subdial.;ln
1284 1162 1449 1226 damnum

330 1268 511 1334 humanae
528 1270 715 1335 societatis
746 1275 783 1334 et
814 1269 894 1335 dois
926 1270 1154 1353 principatus
1186 1269 1312 1352 ipsius,
1341 1289 1447 1350 cona,

331 1374 368 1438 in
385 1377 589 1458 utilitatem,
607 1397 702 1462 nepo.
718 1375 825 1443 Falsa
844 1377 975 1442 dicitur
993 1377 1206 1459 iniuriosum
1223 1378 1284 1442 vel
1301 1375 1449 1442 invidio·

331 1503 422 1568 sum,
441 1485 538 1570 quod
554 1485 732 1567 quispiam
747 1484 946 1549 levioribus
965 1485 1148 1549 nonnullis
1163 1483 1305 1566 Juribus
1333 1484 1449 1566 prive-

331 1601 402 1678 tur,
421 1595 451 1659 si
467 1593 574 1658 simul
592 1593 694 1658 bonis
712 1593 820 1675 longo
837 1593 1004 1658 maximis
1021 1599 1211 1675 augeatur:
1244 1598 1281 1656 et
1309 1591 1450 1675 quidem

330 1703 427 1768 bona
445 1700 574 1785 quibus
591 1700 861 1784 locupletantur
879 1699 1079 1782 Principes,
1094 1717 1176 1764 oum
1201 1699 1237 1762 iu
1252 1697 1448 1763 Ecclesiam

332 1814 561 1894 cooptantur,
592 1807 684 1873 adeo
700 1808 970 1892 praestantiora
987 1811 1081 1890 sunt,
1115 1814 1152 1873 ut
1181 1808 1282 1872 nulla
1311 1807 1449 1870 ratione

330 1915 538 2000 comparari
558 1920 694 1998 queant
707 1933 788 1980 cum
801 1915 943 1998 juribus
976 1914 1215 1996 secundariis,
1246 1932 1338 1997 quae
1370 1917 1449 1996 post

332 2021 465 2091 Christi
479 2023 676 2088 adventum
694 2021 827 2088 Summi
841 2021 1069 2105 Imperantes
1084 2023 1204 2106 quoad
1218 2022 1379 2087 ordinem
1396 2039 1448 2085 re-

330 2133 498 2215 ligiosum
517 2131 729 2212 amiserunt,
749 2135 785 2194 et
803 2148 953 2213 quorum
979 2131 1162 2211 jacturam
1191 2130 1303 2194 tantis
1336 2127 1447 2213 queri·

225 2222 231 2235 ’
331 2239 460 2303 moniis
475 2239 674 2321 ingravant
689 2237 905 2302 adversarii.

420 2343 529 2426 Atqui
546 2361 612 2427 per
625 2342 817 2408 Ecclesiae
834 2343 1097 2410 institutionem
1133 2343 1283 2426 ejusque
1313 2343 1349 2407 in
1377 2340 1449 2407 Sla-

331 2454 407 2515 tum
424 2449 715 2534 superioritatem
733 2451 891 2534 positive
904 2451 1092 2516 imminuta
1110 2459 1193 2515 sunt
1204 2450 1289 2533 jura
1301 2449 1446 2532 Regum,

332 2575 412 2624 cum
431 2563 579 2624 extunc
610 2559 662 2624 eis
688 2560 850 2642 regimen
882 2559 1070 2642 religionis
1102 2559 1279 2624 naturalis
1308 2559 1449 2624 minime

332 2673 526 2751 competat,
541 2669 623 2734 diat.
644 2669 744 2732 min:
765 2667 952 2734 Ecclesiae
984 2667 1209 2733 institutione
1228 2667 1450 2732 imminutum

331 2781 386 2841 est
399 2775 459 2857 jhs
476 2775 684 2858 Principum
703 2775 929 2840 defensivum
947 2779 983 2839 et
999 2774 1253 2856 substantiale,
1272 2792 1368 2859 aepo;
1398 2789 1449 2837 or·

332 2883 546 2966 dinativum,
565 2883 725 2964 subdiat.;
746 2882 842 2966 quod
866 2884 918 2947 eis
942 2885 1127 2966 competat
1145 2885 1182 2946 ut
1200 2881 1390 2964 perfectio,
1409 2897 1450 2943 ao

331 2990 483 3073 proinde
500 3008 581 3054 cum
599 2988 816 3053 detrimento
834 2991 1019 3054 societatis
1037 2993 1073 3054 et
1097 2989 1178 3054 linis
1195 2989 1388 3072 potestatis
1406 2990 1450 3053 ci-

331 3097 427 3177 vilis,
447 3113 541 3182 cepo:
561 3097 658 3180 quod
675 3097 727 3160 eis
744 3103 953 3179 competere
969 3098 1084 3180 possit
1101 3115 1152 3174 ez
1164 3097 1449 3180 imperfectione,

328 3202 411 3284 jnre
427 3219 557 3286 nempe
575 3203 803 3284 secundario,
821 3203 1020 3286 contigenti
1034 3221 1077 3268 ac
1096 3203 1321 3285 devolutivo,
1341 3211 1451 3270 truac-

330 3317 397 3377 aut.

418 3417 459 3484 In
475 3418 684 3484 memoriam
699 3419 828 3485 iterum
842 3437 1020 3485 revocare
1037 3419 1209 3484 debemus
1227 3436 1293 3502 per
1310 3419 1452 3502 religio·

330 3525 385 3590 nis
403 3526 593 3592 revelatae
610 3525 871 3592 institutionem
903 3525 1086 3610 Supremis
1114 3526 1302 3592 societatis
1335 3526 1452 3591 civilis

330 3633 604 3717 Magistratibus
622 3634 806 3718 demptum
824 3653 897 3699 non
914 3635 1025 3699 fuisse
1054 3633 1212 3724 officium
1238 3633 1453 3716 religionem

330 3741 467 3825 tuendi,
497 3742 561 3808 sed
577 3743 696 3825 potius
714 3742 979 3825 confirmatum,
1009 3743 1078 3808 hoc
1095 3743 1213 3827 posito
1231 3741 1450 3822 discrimine,

330 3854 372 3915 ut
399 3854 482 3934 post
514 3847 646 3916 Christi
677 3851 876 3916 adventum
902 3869 961 3916 res
994 3851 1186 3934 religiosas
1215 3850 1351 3933 judicio
1389 3855 1480 3914 suo·

330 3957 474 4023 lallibili
510 3958 690 4040 subjicere
722 3963 917 4042 nequeant,
951 3959 1016 4025 sed
1052 3959 1228 4042 judicium
1261 3958 1452 4023 infallibile

329 4063 517 4130 Ecclesiae
536 4067 637 4148 sequi
656 4071 861 4149 teneantur,
881 4073 920 4132 ut
938 4067 1047 4131 tutius
1065 4071 1101 4130 et
1134 4061 1323 4130 efficacius
1343 4081 1451 4129 curae

329 4173 526 4255 negativae
543 4190 606 4238 seu
624 4173 836 4239 defensivae
868 4173 1055 4256 religionis
1084 4173 1288 4238 intendant:
1316 4173 1450 4238 sivero

329 4279 477 4363 aliquod
490 4281 549 4363 jus
567 4285 602 4345 et
620 4281 777 4346 officium
810 4281 845 4346 in
864 4283 961 4346 statu
979 4285 1132 4345 naturae
1160 4281 1296 4346 habere
1328 4285 1450 4362 potue·
