<?xml version="1.0" encoding="UTF-8"?>
<!DOCTYPE html PUBLIC "-//W3C//DTD XHTML 1.0 Transitional//EN"
    "http://www.w3.org/TR/xhtml1/DTD/xhtml1-transitional.dtd">
<html xmlns="http://www.w3.org/1999/xhtml" xml:lang="en" lang="en">
 <head>
  <title>
</title>
<meta http-equiv="Content-Type" content="text/html;charset=utf-8" />
  <meta name='ocr-system' content='tesseract 3.04.00' />
  <meta name='ocr-capabilities' content='ocr_page ocr_carea ocr_par ocr_line ocrx_word'/>
</head>
<body>
  <div class='ocr_page' id='page_1' title='image "./juspublicumeccl01ferngoog_0305.png"; bbox 0 0 3034 4990; ppageno 0'>
   <div class='ocr_carea' id='block_1_1' title="bbox 773 329 950 388">
    <p class='ocr_par' dir='ltr' id='par_1_1' title="bbox 773 329 950 388">
     <span class='ocr_line' id='line_1_1' title="bbox 773 329 950 388; baseline -0.011 0"><span class='ocrx_word' id='word_1_1' title='bbox 773 329 950 388; x_wconf 75' lang='lat'><strong>-286-</strong></span> 
     </span>
    </p>
   </div>
   <div class='ocr_carea' id='block_1_2' title="bbox 300 473 1415 4301">
    <p class='ocr_par' dir='ltr' id='par_1_2' title="bbox 301 473 1407 1413">
     <span class='ocr_line' id='line_1_2' title="bbox 304 473 1407 557; baseline 0.001 -19"><span class='ocrx_word' id='word_1_2' title='bbox 304 477 340 538; x_wconf 93' lang='lat' dir='ltr'><strong>te</strong></span> <span class='ocrx_word' id='word_1_3' title='bbox 354 473 564 556; x_wconf 89' lang='lat' dir='ltr'><strong>christiana,</strong></span> <span class='ocrx_word' id='word_1_4' title='bbox 584 473 717 538; x_wconf 84' lang='lat' dir='ltr'><strong>etenim</strong></span> <span class='ocrx_word' id='word_1_5' title='bbox 734 473 812 556; x_wconf 85' lang='lat' dir='ltr'><strong>ejus</strong></span> <span class='ocrx_word' id='word_1_6' title='bbox 830 475 930 539; x_wconf 84' lang='lat' dir='ltr'><strong>cives</strong></span> <span class='ocrx_word' id='word_1_7' title='bbox 964 477 1072 557; x_wconf 90' lang='lat' dir='ltr'><strong>atque</strong></span> <span class='ocrx_word' id='word_1_8' title='bbox 1099 473 1208 538; x_wconf 86' lang='lat' dir='ltr'><strong>etiarn</strong></span> <span class='ocrx_word' id='word_1_9' title='bbox 1237 473 1407 557; x_wconf 87' lang='lat' dir='ltr'><strong>legislato-</strong></span> 
     </span>
     <span class='ocr_line' id='line_1_3' title="bbox 303 579 1406 667; baseline 0 -21"><span class='ocrx_word' id='word_1_10' title='bbox 303 599 372 664; x_wconf 90' lang='lat' dir='ltr'><strong>res,</strong></span> <span class='ocrx_word' id='word_1_11' title='bbox 390 586 428 646; x_wconf 91' lang='lat' dir='ltr'><strong>ut</strong></span> <span class='ocrx_word' id='word_1_12' title='bbox 445 580 649 664; x_wconf 90' lang='lat' dir='ltr'><strong>plurimum,</strong></span> <span class='ocrx_word' id='word_1_13' title='bbox 665 584 749 646; x_wconf 89' lang='lat' dir='ltr'><strong>sunt</strong></span> <span class='ocrx_word' id='word_1_14' title='bbox 760 580 950 664; x_wconf 87' lang='lat' dir='ltr'><strong>baptizati;</strong></span> <span class='ocrx_word' id='word_1_15' title='bbox 966 586 1087 646; x_wconf 90' lang='lat' dir='ltr'><strong>tamen</strong></span> <span class='ocrx_word' id='word_1_16' title='bbox 1113 579 1157 646; x_wconf 90' lang='lat' dir='ltr'><strong>de</strong></span> <span class='ocrx_word' id='word_1_17' title='bbox 1167 582 1275 667; x_wconf 77' lang='lat' dir='ltr'><strong>facto,</strong></span> <span class='ocrx_word' id='word_1_18' title='bbox 1295 600 1406 666; x_wconf 91' lang='lat' dir='ltr'><strong>quam-</strong></span> 
     </span>
     <span class='ocr_line' id='line_1_4' title="bbox 302 687 1406 770; baseline 0 -17"><span class='ocrx_word' id='word_1_19' title='bbox 302 689 359 754; x_wconf 89' lang='lat' dir='ltr'><strong>vis</strong></span> <span class='ocrx_word' id='word_1_20' title='bbox 375 688 411 753; x_wconf 94' lang='lat' dir='ltr'><strong>in</strong></span> <span class='ocrx_word' id='word_1_21' title='bbox 428 693 564 754; x_wconf 87' lang='lat' dir='ltr'><strong>sectam</strong></span> <span class='ocrx_word' id='word_1_22' title='bbox 582 688 785 753; x_wconf 83' lang='lat' dir='ltr'><strong>formaliter</strong></span> <span class='ocrx_word' id='word_1_23' title='bbox 799 693 1008 770; x_wconf 78' lang='lat' dir='ltr'><strong>separatam</strong></span> <span class='ocrx_word' id='word_1_24' title='bbox 1022 689 1068 752; x_wconf 89' lang='lat' dir='ltr'><strong>ab</strong></span> <span class='ocrx_word' id='word_1_25' title='bbox 1082 687 1249 753; x_wconf 78' lang='lat' dir='ltr'><strong>Ecclesia</strong></span> <span class='ocrx_word' id='word_1_26' title='bbox 1262 689 1406 754; x_wconf 89' lang='lat' dir='ltr'><strong>nondum</strong></span> 
     </span>
     <span class='ocr_line' id='line_1_5' title="bbox 303 793 1407 878; baseline 0 -18"><span class='ocrx_word' id='word_1_27' title='bbox 303 799 445 877; x_wconf 91' lang='lat' dir='ltr'><strong>coeant,</strong></span> <span class='ocrx_word' id='word_1_28' title='bbox 464 795 720 868; x_wconf 81' lang='lat' dir='ltr'><strong>rebellassent</strong></span> <span class='ocrx_word' id='word_1_29' title='bbox 747 793 948 878; x_wconf 79' lang='lat' dir='ltr'><strong>Ecclesiae,</strong></span> <span class='ocrx_word' id='word_1_30' title='bbox 982 813 1024 860; x_wconf 90' lang='lat' dir='ltr'><strong>eo</strong></span> <span class='ocrx_word' id='word_1_31' title='bbox 1054 795 1132 878; x_wconf 90' lang='lat' dir='ltr'><strong>ipso</strong></span> <span class='ocrx_word' id='word_1_32' title='bbox 1163 795 1260 878; x_wconf 93' lang='lat' dir='ltr'><strong>quod</strong></span> <span class='ocrx_word' id='word_1_33' title='bbox 1292 799 1407 860; x_wconf 87' lang='lat' dir='ltr'><strong>contra</strong></span> 
     </span>
     <span class='ocr_line' id='line_1_6' title="bbox 303 901 1404 986; baseline -0.001 -18"><span class='ocrx_word' id='word_1_34' title='bbox 303 902 463 985; x_wconf 89' lang='lat' dir='ltr'><strong>ejusdem</strong></span> <span class='ocrx_word' id='word_1_35' title='bbox 482 902 682 968; x_wconf 90' lang='lat' dir='ltr'><strong>doctrinam</strong></span> <span class='ocrx_word' id='word_1_36' title='bbox 702 901 905 966; x_wconf 84' lang='lat' dir='ltr'><strong>absolutam</strong></span> <span class='ocrx_word' id='word_1_37' title='bbox 923 902 1193 986; x_wconf 86' lang='lat' dir='ltr'><strong>separationem</strong></span> <span class='ocrx_word' id='word_1_38' title='bbox 1222 901 1339 968; x_wconf 87' lang='lat' dir='ltr'><strong>Status</strong></span> <span class='ocrx_word' id='word_1_39' title='bbox 1366 904 1404 967; x_wconf 88' lang='lat' dir='ltr'><strong>ab</strong></span> 
     </span>
     <span class='ocr_line' id='line_1_7' title="bbox 301 1009 1406 1093; baseline 0 -19"><span class='ocrx_word' id='word_1_40' title='bbox 301 1009 468 1075; x_wconf 80' lang='lat' dir='ltr'><strong>Ecclesia</strong></span> <span class='ocrx_word' id='word_1_41' title='bbox 481 1009 695 1093; x_wconf 87' lang='lat' dir='ltr'><strong>profitentur</strong></span> <span class='ocrx_word' id='word_1_42' title='bbox 709 1027 753 1074; x_wconf 90' lang='lat' dir='ltr'><strong>ac</strong></span> <span class='ocrx_word' id='word_1_43' title='bbox 767 1009 977 1092; x_wconf 81' lang='lat' dir='ltr'><strong>defendunt3</strong></span> <span class='ocrx_word' id='word_1_44' title='bbox 993 1015 1177 1092; x_wconf 88' lang='lat' dir='ltr'><strong>postremo</strong></span> <span class='ocrx_word' id='word_1_45' title='bbox 1192 1009 1406 1076; x_wconf 86' lang='lat' dir='ltr'><strong>dinumeran-</strong></span> 
     </span>
     <span class='ocr_line' id='line_1_8' title="bbox 302 1116 1406 1204; baseline 0.002 -24"><span class='ocrx_word' id='word_1_46' title='bbox 302 1116 764 1203; x_wconf 75' lang='lat' dir='ltr'><strong>daestsooietasinfictelis,</strong></span> <span class='ocrx_word' id='word_1_47' title='bbox 798 1133 892 1199; x_wconf 87' lang='lat' dir='ltr'><strong>quae</strong></span> <span class='ocrx_word' id='word_1_48' title='bbox 922 1133 1039 1200; x_wconf 88' lang='lat' dir='ltr'><strong>neque</strong></span> <span class='ocrx_word' id='word_1_49' title='bbox 1061 1119 1291 1204; x_wconf 80' lang='lat' dir='ltr'><strong>juransque</strong></span> <span class='ocrx_word' id='word_1_50' title='bbox 1320 1118 1406 1202; x_wconf 79' lang='lat' dir='ltr'><strong>sacto</strong></span> 
     </span>
     <span class='ocr_line' id='line_1_9' title="bbox 301 1220 1407 1306; baseline -0.001 -18"><span class='ocrx_word' id='word_1_51' title='bbox 301 1221 489 1288; x_wconf 86' lang='lat' dir='ltr'><strong>Ecclesiae</strong></span> <span class='ocrx_word' id='word_1_52' title='bbox 502 1220 647 1288; x_wconf 85' lang='lat' dir='ltr'><strong>subdita</strong></span> <span class='ocrx_word' id='word_1_53' title='bbox 663 1222 734 1287; x_wconf 93' lang='lat' dir='ltr'><strong>dici</strong></span> <span class='ocrx_word' id='word_1_54' title='bbox 751 1226 883 1304; x_wconf 89' lang='lat' dir='ltr'><strong>potest,</strong></span> <span class='ocrx_word' id='word_1_55' title='bbox 904 1223 989 1306; x_wconf 91' lang='lat' dir='ltr'><strong>quia</strong></span> <span class='ocrx_word' id='word_1_56' title='bbox 1005 1223 1102 1288; x_wconf 90' lang='lat' dir='ltr'><strong>illius</strong></span> <span class='ocrx_word' id='word_1_57' title='bbox 1120 1223 1221 1288; x_wconf 89' lang='lat' dir='ltr'><strong>cives</strong></span> <span class='ocrx_word' id='word_1_58' title='bbox 1241 1241 1284 1287; x_wconf 87' lang='lat' dir='ltr'><strong>ae</strong></span> <span class='ocrx_word' id='word_1_59' title='bbox 1310 1223 1407 1305; x_wconf 86' lang='lat' dir='ltr'><strong>legis-</strong></span> 
     </span>
     <span class='ocr_line' id='line_1_10' title="bbox 301 1329 1024 1413; baseline -0.001 -18"><span class='ocrx_word' id='word_1_60' title='bbox 301 1331 437 1395; x_wconf 89' lang='lat' dir='ltr'><strong>latores</strong></span> <span class='ocrx_word' id='word_1_61' title='bbox 454 1330 673 1413; x_wconf 89' lang='lat' dir='ltr'><strong>baptismum</strong></span> <span class='ocrx_word' id='word_1_62' title='bbox 686 1329 782 1394; x_wconf 89' lang='lat' dir='ltr'><strong>haud</strong></span> <span class='ocrx_word' id='word_1_63' title='bbox 795 1335 1024 1412; x_wconf 87' lang='lat' dir='ltr'><strong>receperunt.</strong></span> 
     </span>
    </p>

    <p class='ocr_par' dir='ltr' id='par_1_3' title="bbox 300 1436 1415 2589">
     <span class='ocr_line' id='line_1_11' title="bbox 389 1436 1410 1520; baseline -0.002 -18"><span class='ocrx_word' id='word_1_64' title='bbox 389 1437 631 1502; x_wconf 90' lang='lat' dir='ltr'><strong>Praemonere</strong></span> <span class='ocrx_word' id='word_1_65' title='bbox 648 1453 791 1519; x_wconf 87' lang='lat' dir='ltr'><strong>quoque</strong></span> <span class='ocrx_word' id='word_1_66' title='bbox 808 1440 953 1519; x_wconf 90' lang='lat' dir='ltr'><strong>oportet</strong></span> <span class='ocrx_word' id='word_1_67' title='bbox 969 1436 1158 1520; x_wconf 88' lang='lat' dir='ltr'><strong>praefatas</strong></span> <span class='ocrx_word' id='word_1_68' title='bbox 1176 1439 1330 1518; x_wconf 91' lang='lat' dir='ltr'><strong>quatuor</strong></span> <span class='ocrx_word' id='word_1_69' title='bbox 1358 1454 1410 1500; x_wconf 92' lang='lat' dir='ltr'><strong>so-</strong></span> 
     </span>
     <span class='ocr_line' id='line_1_12' title="bbox 301 1543 1410 1626; baseline 0 -18"><span class='ocrx_word' id='word_1_70' title='bbox 301 1543 453 1608; x_wconf 88' lang='lat' dir='ltr'><strong>cietates</strong></span> <span class='ocrx_word' id='word_1_71' title='bbox 485 1543 688 1625; x_wconf 87' lang='lat' dir='ltr'><strong>nuncupari</strong></span> <span class='ocrx_word' id='word_1_72' title='bbox 720 1544 929 1626; x_wconf 85' lang='lat' dir='ltr'><strong>specialiter</strong></span> <span class='ocrx_word' id='word_1_73' title='bbox 964 1548 1000 1608; x_wconf 90' lang='lat' dir='ltr'><strong>et</strong></span> <span class='ocrx_word' id='word_1_74' title='bbox 1027 1543 1191 1607; x_wconf 84' lang='lat' dir='ltr'><strong>laxativo</strong></span> <span class='ocrx_word' id='word_1_75' title='bbox 1217 1543 1410 1624; x_wconf 81' lang='lat' dir='ltr'><strong>catholicos,</strong></span> 
     </span>
     <span class='ocr_line' id='line_1_13' title="bbox 301 1650 1413 1738; baseline -0.002 -22"><span class='ocrx_word' id='word_1_76' title='bbox 301 1651 523 1732; x_wconf 82' lang='lat' dir='ltr'><strong>acatholicos,</strong></span> <span class='ocrx_word' id='word_1_77' title='bbox 543 1651 741 1716; x_wconf 79' lang='lat' dir='ltr'><strong>incredulas</strong></span> <span class='ocrx_word' id='word_1_78' title='bbox 759 1650 818 1716; x_wconf 82' lang='lat' dir='ltr'><strong>vel</strong></span> <span class='ocrx_word' id='word_1_79' title='bbox 832 1651 997 1738; x_wconf 80' lang='lat' dir='ltr'><strong>infideles,</strong></span> <span class='ocrx_word' id='word_1_80' title='bbox 1015 1668 1087 1715; x_wconf 89' lang='lat' dir='ltr'><strong>non</strong></span> <span class='ocrx_word' id='word_1_81' title='bbox 1105 1655 1283 1734; x_wconf 88' lang='lat' dir='ltr'><strong>quatenus</strong></span> <span class='ocrx_word' id='word_1_82' title='bbox 1294 1667 1413 1714; x_wconf 86' lang='lat' dir='ltr'><strong>aarum</strong></span> 
     </span>
     <span class='ocr_line' id='line_1_14' title="bbox 302 1756 1411 1843; baseline 0 -22"><span class='ocrx_word' id='word_1_83' title='bbox 302 1757 402 1822; x_wconf 89' lang='lat' dir='ltr'><strong>cives</strong></span> <span class='ocrx_word' id='word_1_84' title='bbox 415 1759 476 1822; x_wconf 88' lang='lat' dir='ltr'><strong>vel</strong></span> <span class='ocrx_word' id='word_1_85' title='bbox 492 1757 734 1841; x_wconf 82' lang='lat' dir='ltr'><strong>legislatores,</strong></span> <span class='ocrx_word' id='word_1_86' title='bbox 762 1759 997 1843; x_wconf 76' lang='lat' dir='ltr'><strong>personaliter</strong></span> <span class='ocrx_word' id='word_1_87' title='bbox 1031 1757 1201 1840; x_wconf 90' lang='lat' dir='ltr'><strong>spectati,</strong></span> <span class='ocrx_word' id='word_1_88' title='bbox 1235 1756 1411 1840; x_wconf 86' lang='lat' dir='ltr'><strong>catholici,</strong></span> 
     </span>
     <span class='ocr_line' id='line_1_15' title="bbox 301 1864 1411 1947; baseline 0 -19"><span class='ocrx_word' id='word_1_89' title='bbox 301 1865 507 1946; x_wconf 86' lang='lat' dir='ltr'><strong>acatholici,</strong></span> <span class='ocrx_word' id='word_1_90' title='bbox 525 1865 702 1931; x_wconf 88' lang='lat' dir='ltr'><strong>increduli</strong></span> <span class='ocrx_word' id='word_1_91' title='bbox 731 1866 791 1930; x_wconf 84' lang='lat' dir='ltr'><strong>vel</strong></span> <span class='ocrx_word' id='word_1_92' title='bbox 808 1864 971 1930; x_wconf 88' lang='lat' dir='ltr'><strong>infideles</strong></span> <span class='ocrx_word' id='word_1_93' title='bbox 988 1865 1136 1947; x_wconf 86' lang='lat' dir='ltr'><strong>fuerint,</strong></span> <span class='ocrx_word' id='word_1_94' title='bbox 1166 1865 1230 1929; x_wconf 90' lang='lat' dir='ltr'><strong>sed</strong></span> <span class='ocrx_word' id='word_1_95' title='bbox 1248 1869 1352 1947; x_wconf 94' lang='lat' dir='ltr'><strong>prout</strong></span> <span class='ocrx_word' id='word_1_96' title='bbox 1365 1865 1411 1929; x_wconf 91' lang='lat' dir='ltr'><strong>le-</strong></span> 
     </span>
     <span class='ocr_line' id='line_1_16' title="bbox 301 1971 1413 2055; baseline -0.002 -18"><span class='ocrx_word' id='word_1_97' title='bbox 301 1971 446 2055; x_wconf 89' lang='lat' dir='ltr'><strong>gislatio</strong></span> <span class='ocrx_word' id='word_1_98' title='bbox 465 1973 645 2055; x_wconf 89' lang='lat' dir='ltr'><strong>principia</strong></span> <span class='ocrx_word' id='word_1_99' title='bbox 670 1972 851 2038; x_wconf 90' lang='lat' dir='ltr'><strong>catholica</strong></span> <span class='ocrx_word' id='word_1_100' title='bbox 880 1972 1046 2054; x_wconf 89' lang='lat' dir='ltr'><strong>agnoscit</strong></span> <span class='ocrx_word' id='word_1_101' title='bbox 1075 1974 1114 2035; x_wconf 94' lang='lat' dir='ltr'><strong>ut</strong></span> <span class='ocrx_word' id='word_1_102' title='bbox 1143 1989 1307 2036; x_wconf 90' lang='lat' dir='ltr'><strong>normam</strong></span> <span class='ocrx_word' id='word_1_103' title='bbox 1336 1989 1413 2054; x_wconf 91' lang='lat' dir='ltr'><strong>pro-</strong></span> 
     </span>
     <span class='ocr_line' id='line_1_17' title="bbox 300 2077 1415 2162; baseline 0 -20"><span class='ocrx_word' id='word_1_104' title='bbox 300 2079 417 2162; x_wconf 85' lang='lat' dir='ltr'><strong>priam</strong></span> <span class='ocrx_word' id='word_1_105' title='bbox 433 2079 470 2143; x_wconf 90' lang='lat' dir='ltr'><strong>in</strong></span> <span class='ocrx_word' id='word_1_106' title='bbox 486 2079 662 2162; x_wconf 86' lang='lat' dir='ltr'><strong>regimine</strong></span> <span class='ocrx_word' id='word_1_107' title='bbox 678 2079 835 2162; x_wconf 91' lang='lat' dir='ltr'><strong>publico,</strong></span> <span class='ocrx_word' id='word_1_108' title='bbox 855 2079 917 2143; x_wconf 88' lang='lat' dir='ltr'><strong>vel</strong></span> <span class='ocrx_word' id='word_1_109' title='bbox 932 2078 1113 2161; x_wconf 89' lang='lat' dir='ltr'><strong>principia</strong></span> <span class='ocrx_word' id='word_1_110' title='bbox 1139 2077 1324 2142; x_wconf 87' lang='lat' dir='ltr'><strong>haeretica</strong></span> <span class='ocrx_word' id='word_1_111' title='bbox 1353 2081 1415 2142; x_wconf 89' lang='lat' dir='ltr'><strong>aut</strong></span> 
     </span>
     <span class='ocr_line' id='line_1_18' title="bbox 300 2183 1414 2269; baseline -0.001 -21"><span class='ocrx_word' id='word_1_112' title='bbox 300 2184 533 2250; x_wconf 87' lang='lat' dir='ltr'><strong>schismatica</strong></span> <span class='ocrx_word' id='word_1_113' title='bbox 551 2186 771 2269; x_wconf 89' lang='lat' dir='ltr'><strong>promulgat,</strong></span> <span class='ocrx_word' id='word_1_114' title='bbox 791 2184 850 2250; x_wconf 89' lang='lat' dir='ltr'><strong>vel</strong></span> <span class='ocrx_word' id='word_1_115' title='bbox 866 2183 1091 2267; x_wconf 88' lang='lat' dir='ltr'><strong>praescindit</strong></span> <span class='ocrx_word' id='word_1_116' title='bbox 1111 2183 1334 2266; x_wconf 89' lang='lat' dir='ltr'><strong>areligione,</strong></span> <span class='ocrx_word' id='word_1_117' title='bbox 1348 2183 1414 2247; x_wconf 88' lang='lat' dir='ltr'><strong>sal-</strong></span> 
     </span>
     <span class='ocr_line' id='line_1_19' title="bbox 301 2289 1415 2375; baseline -0.002 -19"><span class='ocrx_word' id='word_1_118' title='bbox 301 2295 374 2356; x_wconf 90' lang='lat' dir='ltr'><strong>tem</strong></span> <span class='ocrx_word' id='word_1_119' title='bbox 391 2291 603 2375; x_wconf 89' lang='lat' dir='ltr'><strong>christiana,</strong></span> <span class='ocrx_word' id='word_1_120' title='bbox 620 2291 679 2356; x_wconf 87' lang='lat' dir='ltr'><strong>vel</strong></span> <span class='ocrx_word' id='word_1_121' title='bbox 694 2291 837 2356; x_wconf 91' lang='lat' dir='ltr'><strong>demum</strong></span> <span class='ocrx_word' id='word_1_122' title='bbox 854 2291 1045 2373; x_wconf 84' lang='lat' dir='ltr'><strong>consignat</strong></span> <span class='ocrx_word' id='word_1_123' title='bbox 1063 2295 1173 2373; x_wconf 89' lang='lat' dir='ltr'><strong>atque</strong></span> <span class='ocrx_word' id='word_1_124' title='bbox 1190 2291 1317 2355; x_wconf 87' lang='lat' dir='ltr'><strong>statuit</strong></span> <span class='ocrx_word' id='word_1_125' title='bbox 1341 2289 1415 2355; x_wconf 88' lang='lat' dir='ltr'><strong>inli-</strong></span> 
     </span>
     <span class='ocr_line' id='line_1_20' title="bbox 301 2396 1415 2481; baseline 0 -20"><span class='ocrx_word' id='word_1_126' title='bbox 301 2396 434 2462; x_wconf 89' lang='lat' dir='ltr'><strong>delium</strong></span> <span class='ocrx_word' id='word_1_127' title='bbox 448 2399 640 2481; x_wconf 89' lang='lat' dir='ltr'><strong>principia,</strong></span> <span class='ocrx_word' id='word_1_128' title='bbox 661 2398 775 2464; x_wconf 88' lang='lat' dir='ltr'><strong>veluti</strong></span> <span class='ocrx_word' id='word_1_129' title='bbox 789 2399 1003 2462; x_wconf 88' lang='lat' dir='ltr'><strong>Mahomatis</strong></span> <span class='ocrx_word' id='word_1_130' title='bbox 1021 2397 1250 2481; x_wconf 83' lang='lat' dir='ltr'><strong>religionem,</strong></span> <span class='ocrx_word' id='word_1_131' title='bbox 1271 2397 1415 2462; x_wconf 90' lang='lat' dir='ltr'><strong>Buddao</strong></span> 
     </span>
     <span class='ocr_line' id='line_1_21' title="bbox 300 2503 1412 2589; baseline 0 -21"><span class='ocrx_word' id='word_1_132' title='bbox 300 2509 473 2589; x_wconf 88' lang='lat' dir='ltr'><strong>systema,</strong></span> <span class='ocrx_word' id='word_1_133' title='bbox 493 2505 663 2588; x_wconf 89' lang='lat' dir='ltr'><strong>dogmata</strong></span> <span class='ocrx_word' id='word_1_134' title='bbox 681 2503 851 2586; x_wconf 81' lang='lat' dir='ltr'><strong>Confutii,</strong></span> <span class='ocrx_word' id='word_1_135' title='bbox 872 2505 1013 2570; x_wconf 90' lang='lat' dir='ltr'><strong>aliasve</strong></span> <span class='ocrx_word' id='word_1_136' title='bbox 1030 2505 1067 2569; x_wconf 93' lang='lat' dir='ltr'><strong>id</strong></span> <span class='ocrx_word' id='word_1_137' title='bbox 1085 2523 1201 2588; x_wconf 86' lang='lat' dir='ltr'><strong>genus</strong></span> <span class='ocrx_word' id='word_1_138' title='bbox 1219 2504 1412 2569; x_wconf 87' lang='lat' dir='ltr'><strong>doctrinas.</strong></span> 
     </span>
    </p>

    <p class='ocr_par' dir='ltr' id='par_1_4' title="bbox 300 2611 1415 3231">
     <span class='ocr_line' id='line_1_22' title="bbox 391 2611 1415 2700; baseline 0 -23"><span class='ocrx_word' id='word_1_139' title='bbox 391 2611 466 2677; x_wconf 80' lang='lat'>177.</span> <span class='ocrx_word' id='word_1_140' title='bbox 516 2611 603 2678; x_wconf 84' lang='lat' dir='ltr'><strong>Cum</strong></span> <span class='ocrx_word' id='word_1_141' title='bbox 620 2631 665 2678; x_wconf 85' lang='lat' dir='ltr'><strong>ex</strong></span> <span class='ocrx_word' id='word_1_142' title='bbox 683 2613 881 2700; x_wconf 83' lang='lat' dir='ltr'><strong>praejactis</strong></span> <span class='ocrx_word' id='word_1_143' title='bbox 909 2612 1074 2678; x_wconf 87' lang='lat' dir='ltr'><strong>Ecclesia</strong></span> <span class='ocrx_word' id='word_1_144' title='bbox 1107 2611 1330 2678; x_wconf 88' lang='lat' dir='ltr'><strong>considerari</strong></span> <span class='ocrx_word' id='word_1_145' title='bbox 1358 2631 1415 2696; x_wconf 92' lang='lat' dir='ltr'><strong>po·</strong></span> 
     </span>
     <span class='ocr_line' id='line_1_23' title="bbox 301 2718 1414 2803; baseline 0 -19"><span class='ocrx_word' id='word_1_146' title='bbox 301 2723 372 2784; x_wconf 89' lang='lat' dir='ltr'><strong>test</strong></span> <span class='ocrx_word' id='word_1_147' title='bbox 389 2719 425 2784; x_wconf 92' lang='lat' dir='ltr'><strong>in</strong></span> <span class='ocrx_word' id='word_1_148' title='bbox 443 2719 568 2785; x_wconf 91' lang='lat' dir='ltr'><strong>ordine</strong></span> <span class='ocrx_word' id='word_1_149' title='bbox 583 2720 711 2786; x_wconf 88' lang='lat' dir='ltr'><strong>sociali</strong></span> <span class='ocrx_word' id='word_1_150' title='bbox 728 2720 793 2785; x_wconf 91' lang='lat' dir='ltr'><strong>sub</strong></span> <span class='ocrx_word' id='word_1_151' title='bbox 811 2719 956 2786; x_wconf 86' lang='lat' dir='ltr'><strong>diverso</strong></span> <span class='ocrx_word' id='word_1_152' title='bbox 975 2725 1156 2803; x_wconf 87' lang='lat' dir='ltr'><strong>respectu,</strong></span> <span class='ocrx_word' id='word_1_153' title='bbox 1175 2725 1282 2803; x_wconf 87' lang='lat' dir='ltr'><strong>prout</strong></span> <span class='ocrx_word' id='word_1_154' title='bbox 1297 2718 1414 2786; x_wconf 84' lang='lat' dir='ltr'><strong>Status</strong></span> 
     </span>
     <span class='ocr_line' id='line_1_24' title="bbox 300 2825 1415 2908; baseline 0 -17"><span class='ocrx_word' id='word_1_155' title='bbox 300 2827 337 2891; x_wconf 93' lang='lat' dir='ltr'><strong>in</strong></span> <span class='ocrx_word' id='word_1_156' title='bbox 354 2826 525 2892; x_wconf 89' lang='lat' dir='ltr'><strong>distincta</strong></span> <span class='ocrx_word' id='word_1_157' title='bbox 539 2827 807 2908; x_wconf 87' lang='lat' dir='ltr'><strong>catholicitatis,</strong></span> <span class='ocrx_word' id='word_1_158' title='bbox 828 2825 1124 2908; x_wconf 86' lang='lat' dir='ltr'><strong>acatholicitatis,</strong></span> <span class='ocrx_word' id='word_1_159' title='bbox 1148 2826 1415 2892; x_wconf 82' lang='lat' dir='ltr'><strong>indifferentiae</strong></span> 
     </span>
     <span class='ocr_line' id='line_1_25' title="bbox 301 2931 1414 3016; baseline -0.002 -18"><span class='ocrx_word' id='word_1_160' title='bbox 301 2937 363 2998; x_wconf 92' lang='lat' dir='ltr'><strong>aut</strong></span> <span class='ocrx_word' id='word_1_161' title='bbox 380 2933 602 2999; x_wconf 86' lang='lat' dir='ltr'><strong>infidelitalis</strong></span> <span class='ocrx_word' id='word_1_162' title='bbox 621 2934 827 2999; x_wconf 90' lang='lat' dir='ltr'><strong>conditione</strong></span> <span class='ocrx_word' id='word_1_163' title='bbox 841 2933 930 2998; x_wconf 89' lang='lat' dir='ltr'><strong>situs</strong></span> <span class='ocrx_word' id='word_1_164' title='bbox 948 2933 1070 3016; x_wconf 89' lang='lat' dir='ltr'><strong>fuerit,</strong></span> <span class='ocrx_word' id='word_1_165' title='bbox 1086 2931 1172 2998; x_wconf 91' lang='lat' dir='ltr'><strong>ordo</strong></span> <span class='ocrx_word' id='word_1_166' title='bbox 1186 2933 1326 3016; x_wconf 86' lang='lat' dir='ltr'><strong>logicus</strong></span> <span class='ocrx_word' id='word_1_167' title='bbox 1358 2951 1414 3016; x_wconf 93' lang='lat' dir='ltr'><strong>po-</strong></span> 
     </span>
     <span class='ocr_line' id='line_1_26' title="bbox 301 3039 1414 3125; baseline 0 -21"><span class='ocrx_word' id='word_1_168' title='bbox 301 3040 412 3106; x_wconf 87' lang='lat' dir='ltr'><strong>stulat</strong></span> <span class='ocrx_word' id='word_1_169' title='bbox 429 3045 468 3105; x_wconf 91' lang='lat' dir='ltr'><strong>ut</strong></span> <span class='ocrx_word' id='word_1_170' title='bbox 483 3041 577 3104; x_wconf 91' lang='lat' dir='ltr'><strong>hanc</strong></span> <span class='ocrx_word' id='word_1_171' title='bbox 594 3041 881 3125; x_wconf 88' lang='lat' dir='ltr'><strong>disquisitionem</strong></span> <span class='ocrx_word' id='word_1_172' title='bbox 899 3059 920 3104; x_wconf 91' lang='lat' dir='ltr'><strong>a</strong></span> <span class='ocrx_word' id='word_1_173' title='bbox 937 3041 1113 3104; x_wconf 90' lang='lat' dir='ltr'><strong>societate</strong></span> <span class='ocrx_word' id='word_1_174' title='bbox 1132 3039 1315 3105; x_wconf 88' lang='lat' dir='ltr'><strong>catholica</strong></span> <span class='ocrx_word' id='word_1_175' title='bbox 1333 3039 1414 3104; x_wconf 89' lang='lat' dir='ltr'><strong>inci·</strong></span> 
     </span>
     <span class='ocr_line' id='line_1_27' title="bbox 301 3147 1271 3231; baseline -0.001 -19"><span class='ocrx_word' id='word_1_176' title='bbox 301 3147 454 3231; x_wconf 90' lang='lat' dir='ltr'><strong>piamus,</strong></span> <span class='ocrx_word' id='word_1_177' title='bbox 474 3149 668 3231; x_wconf 88' lang='lat' dir='ltr'><strong>genuinum</strong></span> <span class='ocrx_word' id='word_1_178' title='bbox 688 3151 765 3230; x_wconf 89' lang='lat' dir='ltr'><strong>ejus</strong></span> <span class='ocrx_word' id='word_1_179' title='bbox 779 3156 994 3231; x_wconf 88' lang='lat' dir='ltr'><strong>conceptum</strong></span> <span class='ocrx_word' id='word_1_180' title='bbox 1008 3147 1271 3230; x_wconf 88' lang='lat' dir='ltr'><strong>praefiniendo.</strong></span> 
     </span>
    </p>

    <p class='ocr_par' dir='ltr' id='par_1_5' title="bbox 300 3254 1412 4301">
     <span class='ocr_line' id='line_1_28' title="bbox 389 3254 1412 3339; baseline -0.004 -18"><span class='ocrx_word' id='word_1_181' title='bbox 389 3254 550 3321; x_wconf 87' lang='lat' dir='ltr'><strong>Societas</strong></span> <span class='ocrx_word' id='word_1_182' title='bbox 565 3256 683 3320; x_wconf 89' lang='lat' dir='ltr'><strong>civilis</strong></span> <span class='ocrx_word' id='word_1_183' title='bbox 700 3254 1021 3322; x_wconf 82' lang='lat' dir='ltr'><strong>catholicadr&#39;oitur:</strong></span> <span class='ocrx_word' id='word_1_184' title='bbox 1041 3275 1127 3339; x_wconf 83' lang='lat' dir='ltr'><strong>qaae</strong></span> <span class='ocrx_word' id='word_1_185' title='bbox 1141 3262 1173 3320; x_wconf 86' lang='lat' dir='ltr'><strong>et</strong></span> <span class='ocrx_word' id='word_1_186' title='bbox 1185 3256 1348 3320; x_wconf 82' lang='lat' dir='ltr'><strong>membris</strong></span> <span class='ocrx_word' id='word_1_187' title='bbox 1364 3274 1412 3318; x_wconf 85' lang='lat' dir='ltr'><strong>oa·</strong></span> 
     </span>
     <span class='ocr_line' id='line_1_29' title="bbox 301 3361 1412 3449; baseline -0.006 -21"><span class='ocrx_word' id='word_1_188' title='bbox 301 3363 436 3429; x_wconf 78' lang='lat' dir='ltr'><strong>tholicr’s</strong></span> <span class='ocrx_word' id='word_1_189' title='bbox 452 3371 594 3444; x_wconf 81' lang='lat' dir='ltr'><strong>constat,</strong></span> <span class='ocrx_word' id='word_1_190' title='bbox 611 3372 642 3428; x_wconf 85' lang='lat' dir='ltr'><strong>ct</strong></span> <span class='ocrx_word' id='word_1_191' title='bbox 669 3363 852 3449; x_wconf 79' lang='lat' dir='ltr'><strong>principia</strong></span> <span class='ocrx_word' id='word_1_192' title='bbox 876 3361 1045 3428; x_wconf 80' lang='lat' dir='ltr'><strong>catholica</strong></span> <span class='ocrx_word' id='word_1_193' title='bbox 1071 3369 1108 3427; x_wconf 86' lang='lat' dir='ltr'><strong>ut</strong></span> <span class='ocrx_word' id='word_1_194' title='bbox 1139 3383 1297 3428; x_wconf 79' lang='lat' dir='ltr'><strong>normam</strong></span> <span class='ocrx_word' id='word_1_195' title='bbox 1322 3361 1412 3446; x_wconf 76' lang='lat' dir='ltr'><strong>lepis-</strong></span> 
     </span>
     <span class='ocr_line' id='line_1_30' title="bbox 300 3465 1412 3555; baseline -0.007 -20"><span class='ocrx_word' id='word_1_196' title='bbox 300 3470 441 3536; x_wconf 82' lang='lat' dir='ltr'><strong>latioais</strong></span> <span class='ocrx_word' id='word_1_197' title='bbox 473 3471 637 3555; x_wconf 74' lang='lat' dir='ltr'><strong>agnoscit.</strong></span> <span class='ocrx_word' id='word_1_198' title='bbox 672 3470 726 3534; x_wconf 85' lang='lat' dir='ltr'><strong>Ex</strong></span> <span class='ocrx_word' id='word_1_199' title='bbox 766 3469 835 3534; x_wconf 88' lang='lat' dir='ltr'><strong>hac</strong></span> <span class='ocrx_word' id='word_1_200' title='bbox 867 3468 1076 3533; x_wconf 86' lang='lat' dir='ltr'><strong>definitione</strong></span> <span class='ocrx_word' id='word_1_201' title='bbox 1109 3468 1302 3550; x_wconf 88' lang='lat' dir='ltr'><strong>conjicitur</strong></span> <span class='ocrx_word' id='word_1_202' title='bbox 1331 3465 1412 3532; x_wconf 90' lang='lat' dir='ltr'><strong>duas</strong></span> 
     </span>
     <span class='ocr_line' id='line_1_31' title="bbox 300 3575 1412 3660; baseline -0.004 -19"><span class='ocrx_word' id='word_1_203' title='bbox 300 3575 435 3660; x_wconf 85' lang='lat' dir='ltr'><strong>requiri</strong></span> <span class='ocrx_word' id='word_1_204' title='bbox 453 3576 679 3641; x_wconf 87' lang='lat' dir='ltr'><strong>conditiones</strong></span> <span class='ocrx_word' id='word_1_205' title='bbox 692 3576 738 3640; x_wconf 87' lang='lat' dir='ltr'><strong>ad</strong></span> <span class='ocrx_word' id='word_1_206' title='bbox 762 3575 975 3640; x_wconf 88' lang='lat' dir='ltr'><strong>societatem</strong></span> <span class='ocrx_word' id='word_1_207' title='bbox 993 3593 1081 3641; x_wconf 88' lang='lat' dir='ltr'><strong>vere</strong></span> <span class='ocrx_word' id='word_1_208' title='bbox 1097 3577 1318 3642; x_wconf 87' lang='lat' dir='ltr'><strong>catholicam</strong></span> <span class='ocrx_word' id='word_1_209' title='bbox 1336 3591 1412 3640; x_wconf 88' lang='lat' dir='ltr'><strong>con·</strong></span> 
     </span>
     <span class='ocr_line' id='line_1_32' title="bbox 301 3682 1411 3749; baseline -0.003 -3"><span class='ocrx_word' id='word_1_210' title='bbox 301 3682 531 3748; x_wconf 87' lang='lat' dir='ltr'><strong>stituendam:</strong></span> <span class='ocrx_word' id='word_1_211' title='bbox 553 3682 603 3747; x_wconf 88' lang='lat'><strong>1.⁰</strong></span> <span class='ocrx_word' id='word_1_212' title='bbox 617 3687 654 3748; x_wconf 90' lang='lat' dir='ltr'><strong>ut</strong></span> <span class='ocrx_word' id='word_1_213' title='bbox 668 3682 788 3747; x_wconf 90' lang='lat' dir='ltr'><strong>omnia</strong></span> <span class='ocrx_word' id='word_1_214' title='bbox 804 3682 990 3749; x_wconf 90' lang='lat' dir='ltr'><strong>societatis</strong></span> <span class='ocrx_word' id='word_1_215' title='bbox 1005 3683 1168 3747; x_wconf 88' lang='lat' dir='ltr'><strong>membra</strong></span> <span class='ocrx_word' id='word_1_216' title='bbox 1199 3687 1263 3748; x_wconf 88' lang='lat' dir='ltr'><strong>ant</strong></span> <span class='ocrx_word' id='word_1_217' title='bbox 1292 3683 1411 3748; x_wconf 87' lang='lat' dir='ltr'><strong>saltem</strong></span> 
     </span>
     <span class='ocr_line' id='line_1_33' title="bbox 302 3787 1409 3873; baseline -0.005 -19"><span class='ocrx_word' id='word_1_218' title='bbox 302 3790 417 3871; x_wconf 90' lang='lat' dir='ltr'><strong>maj0r</strong></span> <span class='ocrx_word' id='word_1_219' title='bbox 433 3807 519 3873; x_wconf 88' lang='lat' dir='ltr'><strong>pars</strong></span> <span class='ocrx_word' id='word_1_220' title='bbox 537 3789 669 3854; x_wconf 89' lang='lat' dir='ltr'><strong>civium</strong></span> <span class='ocrx_word' id='word_1_221' title='bbox 684 3789 866 3854; x_wconf 88' lang='lat' dir='ltr'><strong>catholica</strong></span> <span class='ocrx_word' id='word_1_222' title='bbox 879 3789 937 3872; x_wconf 81' lang='lat' dir='ltr'><strong>sit3</strong></span> <span class='ocrx_word' id='word_1_223' title='bbox 958 3789 1097 3872; x_wconf 90' lang='lat' dir='ltr'><strong>quodsi</strong></span> <span class='ocrx_word' id='word_1_224' title='bbox 1129 3790 1242 3873; x_wconf 87' lang='lat' dir='ltr'><strong>aliqui</strong></span> <span class='ocrx_word' id='word_1_225' title='bbox 1270 3787 1409 3855; x_wconf 85' lang='lat' dir='ltr'><strong>exstite-</strong></span> 
     </span>
     <span class='ocr_line' id='line_1_34' title="bbox 301 3891 1410 3980; baseline -0.005 -20"><span class='ocrx_word' id='word_1_226' title='bbox 301 3897 375 3960; x_wconf 89' lang='lat' dir='ltr'><strong>rint</strong></span> <span class='ocrx_word' id='word_1_227' title='bbox 402 3897 607 3978; x_wconf 88' lang='lat' dir='ltr'><strong>acatholici,</strong></span> <span class='ocrx_word' id='word_1_228' title='bbox 627 3898 788 3979; x_wconf 90' lang='lat' dir='ltr'><strong>ipsorum</strong></span> <span class='ocrx_word' id='word_1_229' title='bbox 815 3897 909 3961; x_wconf 89' lang='lat' dir='ltr'><strong>ratio</strong></span> <span class='ocrx_word' id='word_1_230' title='bbox 942 3897 979 3961; x_wconf 90' lang='lat' dir='ltr'><strong>in</strong></span> <span class='ocrx_word' id='word_1_231' title='bbox 1008 3897 1237 3980; x_wconf 85' lang='lat' dir='ltr'><strong>legislatione</strong></span> <span class='ocrx_word' id='word_1_232' title='bbox 1255 3891 1410 3980; x_wconf 86' lang='lat' dir='ltr'><strong>generali</strong></span> 
     </span>
     <span class='ocr_line' id='line_1_35' title="bbox 301 4001 1409 4089; baseline -0.006 -21"><span class='ocrx_word' id='word_1_233' title='bbox 301 4003 468 4068; x_wconf 89' lang='lat' dir='ltr'><strong>habenda</strong></span> <span class='ocrx_word' id='word_1_234' title='bbox 485 4009 637 4086; x_wconf 90' lang='lat' dir='ltr'><strong>nonest,</strong></span> <span class='ocrx_word' id='word_1_235' title='bbox 653 4006 818 4088; x_wconf 90' lang='lat' dir='ltr'><strong>quamvis</strong></span> <span class='ocrx_word' id='word_1_236' title='bbox 838 4005 1031 4088; x_wconf 90' lang='lat' dir='ltr'><strong>aliquando</strong></span> <span class='ocrx_word' id='word_1_237' title='bbox 1052 4009 1202 4089; x_wconf 92' lang='lat' dir='ltr'><strong>propter</strong></span> <span class='ocrx_word' id='word_1_238' title='bbox 1219 4001 1409 4089; x_wconf 89' lang='lat' dir='ltr'><strong>peculiaria</strong></span> 
     </span>
     <span class='ocr_line' id='line_1_36' title="bbox 304 4109 1408 4194; baseline -0.001 -22"><span class='ocrx_word' id='word_1_239' title='bbox 304 4109 476 4190; x_wconf 87' lang='lat' dir='ltr'><strong>adjuncta</strong></span> <span class='ocrx_word' id='word_1_240' title='bbox 492 4118 527 4174; x_wconf 89' lang='lat' dir='ltr'><strong>ot</strong></span> <span class='ocrx_word' id='word_1_241' title='bbox 540 4112 854 4194; x_wconf 90' lang='lat' dir='ltr'><strong>proportionatam</strong></span> <span class='ocrx_word' id='word_1_242' title='bbox 867 4129 1017 4176; x_wconf 89' lang='lat' dir='ltr'><strong>causam</strong></span> <span class='ocrx_word' id='word_1_243' title='bbox 1041 4111 1273 4177; x_wconf 89' lang='lat' dir='ltr'><strong>heterodoxis</strong></span> <span class='ocrx_word' id='word_1_244' title='bbox 1302 4125 1408 4190; x_wconf 79' lang='lat' dir='ltr'><strong>cacep-</strong></span> 
     </span>
     <span class='ocr_line' id='line_1_37' title="bbox 304 4214 1408 4301; baseline -0.006 -21"><span class='ocrx_word' id='word_1_245' title='bbox 304 4217 411 4281; x_wconf 80' lang='lat' dir='ltr'><strong>lr&#39;oaea</strong></span> <span class='ocrx_word' id='word_1_246' title='bbox 429 4217 567 4298; x_wconf 87' lang='lat' dir='ltr'><strong>possint</strong></span> <span class='ocrx_word' id='word_1_247' title='bbox 585 4237 628 4282; x_wconf 89' lang='lat' dir='ltr'><strong>ao</strong></span> <span class='ocrx_word' id='word_1_248' title='bbox 645 4218 801 4284; x_wconf 88' lang='lat' dir='ltr'><strong>debeant</strong></span> <span class='ocrx_word' id='word_1_249' title='bbox 818 4218 909 4284; x_wconf 89' lang='lat' dir='ltr'><strong>fieri:</strong></span> <span class='ocrx_word' id='word_1_250' title='bbox 928 4217 981 4283; x_wconf 83' lang='lat'><strong>2.⁰</strong></span> <span class='ocrx_word' id='word_1_251' title='bbox 995 4223 1034 4283; x_wconf 91' lang='lat' dir='ltr'><strong>nt</strong></span> <span class='ocrx_word' id='word_1_252' title='bbox 1042 4219 1223 4301; x_wconf 87' lang='lat' dir='ltr'><strong>legislatio</strong></span> <span class='ocrx_word' id='word_1_253' title='bbox 1239 4214 1408 4285; x_wconf 86' lang='lat' dir='ltr'><strong>catholica</strong></span> 
     </span>
    </p>
   </div>
   <div class='ocr_carea' id='block_1_3' title="bbox 0 0 1522 4981">
    <p class='ocr_par' dir='ltr' id='par_1_6' title="bbox 0 0 1522 4981">
     <span class='ocr_line' id='line_1_38' title="bbox 0 0 1522 4981; baseline 0 0"><span class='ocrx_word' id='word_1_254' title='bbox 0 0 1522 4981; x_wconf 95' lang='lat' dir='ltr'><strong> </strong></span> 
     </span>
    </p>
   </div>
  </div>
 </body>
</html>
