3120 4988
565 429 723 492 ..29-

95 577 217 645 directa
234 578 381 644 dicitur:
401 577 516 662 “quae
534 577 795 660 subjectionem
809 575 1004 658 juridicam
1020 575 1207 640 sacietatis
1232 591 1233 596 ¹

94 684 269 752 inferioris
287 687 462 771 importat
479 686 540 750 vel
568 685 745 768 exposcit,
765 702 807 749 eo
833 683 927 768 qued
945 685 1087 747 ratione
1103 691 1210 748 mate·-

93 793 159 858 rina
174 800 210 857 et
223 796 307 882 finis
324 793 521 878 incompleta?
544 791 724 876 superiori
741 791 908 856 societati
926 791 1133 854 necessario
1150 808 1205 853 su-

93 899 182 984 best,
208 899 321 984 (quod
344 899 672 976 subalternationem
689 898 929 977 vocavimus);
948 897 1121 962 indirecta
1145 915 1205 961 no·

93 1005 255 1071 minatur:
277 1005 392 1090 “quae
416 1023 516 1070 more
545 1003 698 1070 includit
714 1004 976 1085 subjectionem
1000 1004 1207 1069 rationalem

93 1129 149 1178 seu
160 1115 308 1200 topicam
325 1112 511 1178 societatis
529 1111 725 1192 inferioris,
741 1111 826 1195 quia
844 1110 924 1193 ipsa
942 1128 1062 1175 rerum
1076 1113 1208 1174 natura

93 1221 246 1302 postulat
274 1221 364 1285 flues
381 1237 505 1284 omnes
537 1219 733 1301 cujuslibet
757 1217 957 1299 societatis,
987 1217 1074 1283 licet
1099 1216 1206 1281 adae-

95 1333 228 1412 quatos,
244 1329 307 1394 fini
321 1328 456 1411 altiori,
473 1327 600 1392 ultimo
618 1331 656 1392 et
670 1344 839 1410 supremo
857 1326 1006 1410 subjici»
1026 1325 1136 1410 (quod
1152 1347 1205 1391 aa·

94 1436 360 1503 cardinationem
376 1434 693 1520 nuncupavimus).

174 1543 257 1609 Jam
276 1561 365 1609 vero
384 1543 523 1626 antiqui
540 1542 739 1625 regalistae
752 1542 1046 1624 superioritatem
1059 1540 1207 1605 indirec-

97 1657 159 1714 tam
188 1649 312 1716 Status
329 1651 367 1714 in
394 1649 598 1714 Ecclesiam
617 1648 825 1730 tuebantur,
860 1647 1031 1732 quoniam
1059 1665 1140 1711 eam
1157 1629 1209 1710 uti

96 1757 298 1822 societatem
315 1759 469 1844 specifice
492 1756 700 1821 distinctam
718 1759 754 1820 et
782 1757 925 1822 relatiua
941 1755 1142 1838 perlectam
1174 1771 1207 1817 a·

97 1865 324 1946 gnoscebant3
344 1862 506 1928 moderni
524 1867 645 1928 autem
657 1862 856 1946 regalistae
873 1862 933 1927 vol
947 1861 1066 1946 potius
1084 1879 1207 1926 caesa·

97 1971 198 2035 ristae
215 1975 279 2036 aut
292 1970 477 2036 statolatri
492 1971 535 2036 ed
550 1987 664 2053 usque
677 1971 863 2054 progressi
876 1974 971 2052 sunt,
998 1973 1036 2034 ut
1048 1967 1207 2051 superio·

99 2078 231 2143 ritatem
246 2079 416 2144 directam
432 2076 555 2143 Status
568 2078 606 2142 in
624 2077 805 2142 Eclesiam
829 2075 1040 2158 defendant,
1074 2075 1209 2159 quippe

99 2184 183 2250 hanc
205 2189 375 2268 spectant
403 2189 587 2269 tamquam
604 2185 798 2268 collegium
810 2184 871 2250 vel
885 2183 1084 2268 quamlibet
1099 2182 1209 2246 aliam

20 2355 21 2358 ,
101 2293 301 2358 societatem
318 2293 573 2374 imperfectam
589 2292 764 2377 potestati
780 2290 963 2357 saeculari
976 2290 1012 2355 in
1045 2290 1208 2364 omnibus

102 2400 280 2466 subditam.

178 2509 231 2574 24.
279 2509 402 2574 Prima
431 2508 558 2574 Thesis
589 2525 653 2573 seu
678 2507 895 2590 principium
923 2505 1208 2589 fundamentale,

105 2615 187 2696 quod
200 2617 270 2682 hac
282 2634 393 2700 super
409 2634 448 2682 re
465 2616 630 2682 stabilire
648 2633 692 2680 ac
706 2632 939 2698 propugnare
956 2615 1130 2697 cogimur,
1158 2615 1210 2678 ita

104 2722 268 2790 sehabet:
286 2723 446 2790 Ecclesia
449 2725 606 2812 juridico
624 2723 887 2808 dist-inquitate
916 2723 1076 2788 societate
1099 2721 1207 2785 civili.

104 2827 163 2894 Pro
177 2829 381 2912 hujusmodi
408 2831 566 2895 veritate
590 2829 789 2894 asserenda·
820 2827 1027 2910 tuendaque
1059 2827 1210 2892 mirifice

107 2938 303 3021 conspirant
331 2937 559 3003 validissima
574 2937 757 3001 rationum
773 2940 972 3018 momenta,
993 2934 1108 2999 effata
1124 2931 1210 2998 San-

106 3047 231 3109 ctorum
248 3043 396 3109 Petrum
424 3043 723 3126 luculentissima,
741 3043 984 3108 Romanorum
996 3041 1211 3106 Pontificum

20 3233 21 3236 Ἴ
106 3150 340 3218 ineluctabilis
357 3152 576 3234 testimonia,
594 3152 828 3236 ipsorumque
844 3169 971 3235 regum
989 3169 1033 3216 ac
1047 3150 1210 3216 christia-

20 3247 21 3250 '
106 3276 219 3324 norum
233 3260 436 3343 principum
454 3264 582 3342 aperta
599 3258 791 3334 confessio,
809 3277 903 3342 quae
937 3259 1082 3342 quidem
1099 3258 1208 3342 potis·

106 3365 408 3450 simsargumeuta
424 3365 637 3450 singillatim
654 3365 882 3449 perpendere
910 3370 1019 3450 atque
1037 3366 1211 3431 evolvere

108 3478 248 3556 oportet.

184 3581 236 3647 25.
283 3581 326 3646 In
342 3581 468 3665 primis
486 3581 595 3662 enim,
613 3598 680 3664 pro
694 3580 853 3663 juridica
866 3580 1054 3646 Ecclesiae
1086 3579 1210 3644 distin·

109 3688 215 3754 ctione
227 3689 385 3754 militant
398 3688 617 3773 multiplices
628 3688 789 3755 rationes
804 3706 848 3752 ex
861 3688 943 3771 ipsa
955 3686 1142 3752 societatis
1155 3701 1210 3750 cc·

110 3781 1212 3878 clesinsticaeetcivilisnaturadep1·0mptae;quaudoquidem

19 3947 20 3950 ,
111 3907 250 3985 utraque
264 3904 421 3969 societas
438 3902 682 3969 essentialiter
697 3902 822 3968 differt
836 3919 879 3967 ac
894 3904 969 3966 toto
985 3900 1087 3966 coelo
1102 3899 1213 3964 distat

111 4011 236 4096 origine,
247 4013 323 4096 fine,
339 4012 475 4093 mediis,
501 4011 691 4076 rectoribus
705 4012 741 4075 et
753 4010 1041 4096 proprietatibus.

189 4117 337 4202 Origine·
355 4118 487 4184 etenim
516 4118 672 4183 societas
698 4116 817 4181 civilis
831 4121 887 4182 est
903 4115 1053 4200 originis
1070 4123 1211 4181 natara-

112 4222 150 4288 lia
164 4225 274 4308 quoad
282 4228 358 4314 jus,
377 4225 446 4291 hoc
463 4229 519 4291 est
534 4243 557 4290 a
573 4225 651 4290 Deo
667 4225 833 4308 procedit
851 4230 1035 4307 tamquam
1052 4223 1211 4289 Auctore

115 4333 588 4422 naturaqoriginejmn'clica
614 4337 794 4417 spectata,
823 4334 908 4416 quia
937 4333 1018 4414 iege
1052 4330 1211 4396 naturali
