3120 4988
803 349 961 409 ..34-

323 498 409 582 plici
438 496 640 581 quaestioni
662 494 851 576 responsio
880 495 1104 577 inpromptu
1132 500 1199 574 est3
1231 493 1441 574 asserimus,

323 604 575 669 contendimus
593 621 636 667 ac
653 601 864 686 profitemur
881 599 1081 665 Ecclesiam
1090 601 1260 687 juridice,
1290 603 1443 688 specifice

320 715 356 774 et
372 711 532 776 historice
549 715 752 792 spectatam
778 708 990 772 societatem
1010 725 1089 771 esso
1108 725 1196 771 vere
1226 714 1262 772 et
1295 711 1444 791 proprie

319 817 534 900 perfectam,
547 816 642 900 quod
657 815 801 899 quidem
812 815 1064 879 demonstrare
1079 815 1312 898 aggredimur
1327 816 1442 899 tripli·

320 925 352 988 ci
370 924 537 1007 praefato
555 928 850 1005 argumentorum
868 940 1017 1004 genere.

408 1028 493 1095 Sive
511 1030 747 1093 consulantur
762 1029 941 1112 principia
956 1029 1049 1110 Jurie
1068 1029 1246 1093 naturalis
1265 1030 1364 1093 circa
1383 1048 1443 1094 no·

319 1135 453 1200 tionem
471 1136 656 1201 societatis
676 1137 862 1218 perfectae
880 1156 901 1198 a
917 1137 1058 1216 juristis
1076 1140 1112 1200 et
1136 1136 1331 1219 sociologis
1349 1155 1442 1202 com-

320 1243 475 1308 muniter
493 1250 655 1324 recepta3
675 1243 754 1306 sive
772 1243 987 1325 inspiciatur
1000 1244 1080 1325 ipsa
1098 1250 1232 1306 natura
1255 1244 1443 1308 societatis

319 1369 341 1413 a
359 1349 500 1415 Christo
518 1351 720 1425 institutam
748 1350 826 1414 sive
845 1350 988 1414 demum
1006 1349 1256 1417 consideretur
1274 1367 1375 1414 mens
1393 1358 1442 1413 at-

319 1475 389 1541 que
406 1459 576 1522 voluntas
590 1458 669 1538 eJus
686 1457 808 1521 Divini
824 1458 1054 1536 Fuudatoris,
1071 1457 1269 1521 meridiana
1287 1457 1368 1522 luce
1382 1475 1442 1540 pa-

321 1566 410 1630 tebit
424 1565 624 1630 Ecclesiam
640 1566 677 1628 vi
693 1583 780 1629 suae
795 1565 962 1629 internae
976 1564 1256 1645 constitutionis,
1272 1566 1443 1648 propriae

320 1671 501 1736 essentiae
519 1678 554 1736 et
574 1672 771 1736 historicae
790 1672 939 1754 originis
954 1674 1036 1752 jnre
1055 1672 1256 1753 meritoque
1288 1678 1323 1735 et
1356 1691 1443 1737 nun·

320 1779 524 1861 cupandam
542 1785 578 1843 et
594 1779 800 1844 habendam
829 1797 909 1843 esse
946 1780 1060 1844 veluti
1088 1780 1301 1843 societatem
1325 1782 1411 1862 perf
1434 1817 1443 1827 ·

173 1966 198 1974 η
212 1958 229 1967 ἡ
319 1892 429 1967 ctam,
448 1887 679 1969 completam,
695 1885 1016 1969 independentem,
1034 1887 1279 1951 necessariam
1292 1892 1329 1952 et
1347 1887 1442 1952 inae-

321 1994 478 2077 qualern.

409 2100 484 2165 Has
498 2105 571 2165 tres
590 2094 836 2183 probationes,
857 2119 946 2183 quas
976 2104 1076 2165 recte
1094 2117 1229 2165 vocare
1254 2118 1442 2182 possumus

311 2207 519 2294 juridicam,
532 2208 808 2294 philosophicam
833 2219 943 2291 atque
961 2210 1163 2274 historicam
1181 2209 1307 2292 paucis
1321 2211 1442 2275 verbis

320 2315 546 2379 evolvamus.
685 2318 686 2323 ’

409 2420 464 2485 30.
512 2422 670 2486 Primum
698 2423 834 2506 itaque,
854 2424 884 2486 si
905 2425 964 2504 jus
983 2424 1153 2488 naturale
1181 2425 1393 2491 attendatur
1409 2432 1443 2489 et

321 2527 509 2612 principiis
527 2546 548 2592 a
565 2529 824 2593 tractatoribus
838 2529 931 2609 jnris
956 2528 1092 2611 publici
1117 2531 1355 2596 communiter
1373 2538 1441 2594 tra·

320 2636 403 2701 ditis
436 2635 604 2700 standum
631 2637 690 2717 sit,
708 2642 745 2700 ut
777 2644 879 2700 recta
896 2642 933 2700 et
950 2636 1109 2718 genuina
1122 2637 1308 2701 societatis
1326 2639 1441 2721 perte?
1534 2700 1535 2707 ,

276 2731 279 2735 ’
319 2751 402 2808 ctae
419 2744 518 2808 notio
536 2743 726 2822 habeatur,
746 2743 880 2825 triplex
898 2744 1114 2808 societatum
1132 2761 1247 2826 genus
1261 2746 1296 2809 in
1314 2763 1441 2810 memo·

320 2853 411 2916 riam
440 2868 617 2915 revocare
642 2855 799 2933 oportet,
818 2869 960 2933 nempe,
980 2852 1156 2935 siroplicee
1177 2868 1240 2915 seu
1269 2852 1440 2932 amicales,

312 2961 493 3045 juridicos
510 2967 546 3022 ct
554 2960 740 3045 perfectos.

409 3065 570 3130 Societas
581 3067 740 3131 inchoata
753 3071 815 3130 aut
828 3067 980 3150 aiorpleor
994 3065 1214 3148 appellatur:
1229 3068 1440 3153 congregatio

321 3174 494 3239 bominum
527 3174 573 3237 od
602 3175 754 3238 eumdem
783 3175 885 3259 finem
917 3174 1037 3238 eredita
1068 3174 1302 3237 currimuoilms
1333 3195 1439 3240 conse·

322 3281 506 3363 quendum,-
524 3280 618 3344 unde
631 3282 807 3362 sequitur:
829 3281 879 3344 1.⁰
898 3282 932 3343 iu
947 3280 1125 3344 societate
1139 3281 1281 3346 amicali
1298 3282 1437 3385 conjun-

321 3388 477 3452 ctionem
506 3405 587 3452 esse
607 3405 704 3451 mere
722 3388 893 3467 ethicam,
915 3388 982 3451 boc
1007 3393 1074 3469 est,
1094 3406 1139 3465 ex
1156 3388 1278 3451 alectu
1305 3406 1370 3452 seu
1385 3388 1439 3451 be-

321 3495 532 3559 nevolentia
580 3494 873 3577 provenientem3
916 3494 967 3558 2⁰
1002 3513 1072 3559 non
1102 3512 1182 3559 esse
1210 3496 1296 3576 jura
1328 3514 1439 3578 neque

321 3601 441 3666 cilicia
459 3609 583 3666 mutua
601 3603 749 3685 proprie
767 3602 876 3683 dicta;
897 3602 949 3666 3.⁰
968 3602 1094 3667 deesse
1119 3602 1272 3683 proinde
1290 3603 1438 3667 auctori·

322 3715 432 3774 tatem
448 3710 484 3772 vi
503 3709 705 3792 praeditam
720 3710 873 3792 cogendi
891 3711 1009 3775 socios
1023 3709 1070 3774 ad
1084 3710 1350 3775 assecutionem
1365 3710 1438 3775 linis
1503 3793 1505 3796 ι

322 3816 481 3880 socialis.

410 3923 572 3988 Societas
588 3925 750 4011 juridica
768 3931 1010 4006 nuncupatur:
1040 3927 1256 4012 comprecatio
1272 3926 1438 3991 lominum

322 4032 369 4098 ad
397 4032 550 4097 euordem
574 4034 676 4118 finem
700 4036 934 4098 communitas
964 4034 1086 4098 mediis
1113 4034 1331 4099 obtinendam
1346 4034 1438 4120 juris

321 4140 454 4204 vinculo
473 4139 724 4223 sollicitiorem,
742 4156 788 4202 ex
818 4158 887 4223 quo
908 4140 1105 4222 colligitur:
1129 4142 1180 4204 1.⁰
1198 4142 1233 4205 in
1263 4139 1436 4205 societati·
1492 4142 1497 4228 f

320 4247 385 4310 bus
396 4246 567 4333 juridicia
599 4251 745 4310 exstare
775 4247 1038 4311 connexionem
1063 4265 1128 4311 seu
1156 4250 1324 4314 unionem
1357 4264 1436 4311 vere
