3034 4990
558 471 595 482 -
620 436 739 494 365-

87 579 191 646 XVII
207 584 368 663 systema
385 581 464 662 ejus
490 579 640 663 proprio
667 578 812 643 nominc
837 577 1022 660 cognitum
1050 577 1207 643 edocuit.

174 686 376 768 Singularis
393 703 482 751 suas
498 687 663 751 theoriae
679 684 918 750 fundamenta
928 685 1020 767 jecit
1038 685 1076 748 ln
1092 683 1210 749 Libel-

87 794 121 858 lo
137 794 179 860 ds
207 793 456 860 Ecclesiasticus
480 801 512 859 et
544 794 692 859 Politice
720 794 902 875 Potestate,
920 792 981 857 ubi
1004 793 1057 856 sic
1085 790 1209 855 tradit:

91 898 225 966 “Deum
254 905 290 964 et
307 905 476 965 naturam
492 901 593 982 prius
618 903 729 982 atque
752 899 995 964 immediatius
1023 898 1069 962 ad
1097 903 1213 961 totum

89 1007 327 1090 suppositum,
346 1024 456 1090 quam
480 1006 527 1070 ad
543 1007 704 1089 aliquam
721 1011 863 1089 partem
876 1005 1067 1088 suppositi,
1087 1021 1211 1087 quam-

90 1113 143 1178 vis
160 1113 439 1194 nobilissimam,
457 1113 660 1196 intendere,
680 1131 833 1196 samque
850 1115 894 1179 ob
923 1109 1073 1179 causam
1100 1111 1212 1176 lacul-

89 1221 200 1284 tatem
216 1218 366 1284 videndi
379 1235 437 1284 ex.
454 1237 510 1301 gr.
526 1219 649 1285 datam
664 1237 745 1284 esse
758 1221 906 1301 homini,
925 1222 963 1285 ut
975 1236 1042 1303 per
1056 1219 1212 1300 oculum,

90 1331 275 1408 tamquam
304 1343 481 1408 organum
498 1330 535 1390 et
553 1327 755 1392 ministrum
784 1313 939 1392 hominis
964 1329 1212 1391 exerceretur.

90 1431 180 1498 Nam
195 1432 321 1496 oculus
349 1449 416 1515 per
440 1435 477 1496 st
506 1439 656 1515 propter
686 1433 867 1498 hominem
895 1432 1055 1516 existit„
1073 1429 1130 1494 Ex
1145 1431 1215 1496 hoc

91 1538 268 1621 principio
287 1539 377 1603 duas
394 1538 645 1604 conclusiones
663 1539 768 1603 eruit:
789 1539 860 1603 1³²³
878 1536 1052 1606 Christum
1061 1538 1214 1624 fundan-

92 1645 132 1711 do
145 1645 341 1711 Ecclesiam
357 1647 463 1730 prius
478 1653 509 1712 et
535 1646 770 1712 immediatins
786 1647 899 1712 claues
915 1665 975 1711 seu
994 1644 1214 1732 jurisdictio·

91 1773 164 1817 nem
193 1753 256 1818 toti
288 1751 424 1818 dedisse
450 1750 638 1833 Ecclesiae,
657 1773 759 1836 quam
785 1753 900 1819 Petro:
930 1751 1003 1817 Ἡ
1017 1752 1154 1836 Papam
1185 1757 1218 1815 et

91 1856 282 1941 Episcopus
304 1857 444 1923 nonnisi
472 1859 650 1923 ministros
666 1878 748 1940 esse,
764 1865 803 1923 ut
817 1859 1102 1945 jurisdictionem
1117 1855 1217 1921 illam

92 1970 273 2029 exerceant
286 1964 423 2029 nomine
435 1970 468 2028 et
483 1983 649 2029 consensu
666 1964 771 2028 totius
788 1964 955 2046 corporis.

177 2068 322 2136 Deinde
339 2070 529 2135 Richcrius
544 2071 583 2135 in
598 2069 705 2134 Brevi
721 2069 880 2135 Historia
899 2067 1131 2136 Consiliorum
1154 2066 1216 2133 Ge·

96 2177 267 2242 resalium
281 2193 385 2242 suum
401 2180 564 2260 systema
577 2193 689 2258 saepo
703 2174 877 2241 defendit.

178 2283 258 2348 233.
307 2284 459 2349 indoles.
485 2281 652 2366 systema
683 2282 940 2348 Richerianum
972 2281 1040 2345 sub
1065 2282 1218 2362 aspectu

94 2387 188 2454 luris
214 2389 355 2454 Publici
371 2389 506 2456 interni
539 2388 823 2454 consideratum:
842 2388 1031 2454 Richerius
1056 2387 1215 2469 potesta·

96 2499 164 2561 tem
189 2495 481 2561 ecclesiasticam
494 2496 532 2560 in
553 2496 790 2580 principalem
817 2501 854 2560 et
881 2494 1145 2560 ministerialem
1167 2489 1217 2555 di·

95 2601 256 2685 stinguis
267 2603 484 2686 principalis
500 2619 564 2666 seu
578 2618 708 2684 quasa
724 2601 890 2684 principe
908 2602 1064 2667 habetur
1083 2604 1141 2664 eet
1152 2615 1214 2680 po-

95 2711 209 2774 testas
226 2708 336 2772 elicui
354 2708 492 2772 directe
509 2711 547 2772 et
564 2708 713 2790 proprie
733 2715 956 2789 competens;
977 2704 1220 2771 ministerialis

97 2813 227 2881 dicitur
257 2833 352 2898 quse
385 2815 562 2898 principis
593 2815 739 2879 nomine
757 2818 793 2878 et
823 2814 890 2878 sub
917 2815 995 2893 eJus
1025 2810 1219 2894 vigilantia

97 2926 301 2988 exercetur.

180 3027 351 3094 Potestas
361 3027 590 3112 principalis,
604 3026 674 3092 hoc
688 3028 757 3108 est,
775 3042 927 3109 summa,
945 3024 1097 3108 propria
1110 3026 1220 3106 atque

97 3133 218 3218 plens,
242 3135 350 3215 juxta
365 3132 584 3214 Richerium,
614 3133 851 3199 immediatius
884 3135 921 3197 st
949 3131 1169 3197 essentialius
1199 3147 1221 3195 u

99 3237 241 3306 Christo
259 3240 414 3306 Domino
431 3240 565 3323 populo
584 3239 783 3305 christiano
797 3255 862 3304 seu
883 3238 951 3304 toti
974 3237 1121 3321 corpori
1136 3236 1220 3302 dde-

98 3346 183 3412 lium
209 3347 345 3414 tradita
372 3347 452 3428 fuit3
471 3345 556 3412 hinc
581 3346 692 3412 tasilo
722 3348 804 3410 erat
820 3345 1007 3427 colligere:
1039 3341 1091 3409 1.⁰
1120 3343 1222 3423 leges

99 3453 325 3537 dogmaticas
351 3460 388 3518 et
404 3453 660 3536 disciplinares
677 3453 752 3518 vim
777 3451 932 3533 cogendi
943 3451 1093 3531 habere,
1111 3449 1144 3513 si
1158 3465 1221 3530 po·

100 3561 173 3641 puli
185 3577 364 3626 consensu
378 3560 648 3640 confirmantem
663 3559 797 3624 nullius
809 3556 948 3623 valoris
960 3572 1053 3636 esso,
1068 3555 1099 3621 si
1112 3573 1134 3617 s
1147 3554 1220 3638 ple-

100 3665 142 3732 be
158 3669 361 3734 christiana
377 3668 633 3751 reprobentur;
651 3665 705 3730 2.⁰
723 3666 826 3747 leges
843 3663 1037 3747 generales
1053 3666 1222 3744 accepta·

100 3774 196 3840 done
209 3774 331 3840 cuncti
348 3774 473 3857 populi
492 3773 683 3838 christiani
697 3788 820 3854 egere;
840 3770 1084 3853 particulares
1101 3771 1222 3832 autem

100 3879 504 3965 fideliumrespcctivae
519 3879 719 3960 Ecclesiae,
733 3876 951 3943 Provincias
977 3875 1039 3940 vel
1068 3874 1220 3939 Dicece-

102 4002 183 4052 scos

187 4035 354 4160 intectas
377 4093 621 4160 ministerialis
637 4091 810 4157 universo
835 4088 952 4155 ordini
976 4087 1221 4170 hierarchice,

103 4197 139 4262 id
152 4204 219 4282 est,
231 4199 392 4266 Romano
409 4199 576 4265 Pontifici
593 4199 655 4281 qui
680 4197 794 4262 Beato
811 4197 926 4277 Petro,
953 4193 1145 4278 Episcopis
1162 4193 1223 4276 qui

103 4303 290 4390 spanniis,
308 4309 346 4371 et
365 4305 596 4388 Presbyterie
612 4304 674 4388 qul
691 4302 877 4390 decipulis
899 4301 1113 4383 succedunt,
1132 4299 1179 4364 ab
1197 4299 1223 4362 i·
