3024 4994
545 433 723 492 -189-

87 579 191 663 nisui,
205 576 404 662 Regallsml
421 580 532 663 atquo
545 576 776 644 Liberalismi
789 582 1004 662 systemata,
1019 580 1197 664 simulque

86 684 295 768 detegendas
327 685 455 750 inanes
487 685 764 768 praetensioues
807 685 1002 770 futilesque
1033 687 1196 770 argutias

86 809 195 857 eorum
209 793 490 874 neotericorum,
509 793 588 858 sive
602 793 828 875 canonistas,
845 793 924 858 sive
934 794 1102 876 juristae,
1118 795 1198 860 sive

85 898 193 980 aulici,
213 899 294 963 sive
318 897 471 981 politici,
498 898 578 962 sive
594 914 821 982 quocumque
839 899 984 962 uonrine
1002 901 1195 980 vocentur,

85 1004 139 1088 qui
168 1022 302 1087 omnes,
330 1005 471 1070 nefario
504 1008 638 1069 conatu
670 1011 707 1069 et
735 1005 860 1088 iniqua
886 1011 1007 1070 menta
1038 1005 1197 1086 Regibus

86 1117 117 1176 et
133 1111 355 1194 Principibus
372 1111 625 1176 saecularibus
654 1111 925 1190 adblandiendi,
946 1129 1083 1195 suaque
1110 1112 1195 1194 jura

84 1218 302 1302 majestatica
318 1221 472 1306 repotioa
497 1223 708 1302 nuncupata
724 1219 995 1303 amplificanda,
1015 1219 1196 1284 limitatio·

84 1326 179 1392 nibus
216 1327 459 1412 undequaque
490 1326 789 1392 circumscribere
823 1330 1041 1410 potestatem
1073 1328 1195 1409 legite·

83 1449 166 1515 ram,
176 1432 385 1515 judicialem
403 1433 649 1499 etcoactivam
666 1431 857 1499 Ecclesiae
874 1434 953 1498 ausi
970 1437 1064 1498 sunt.

165 1541 237 1606 107.
285 1541 452 1606 Potestas
465 1539 653 1606 Ecclesiae
666 1540 801 1623 duplici
812 1545 991 1623 conceptu
1005 1543 1115 1607 Pleno
1129 1545 1196 1624 est,

83 1648 251 1729 nimirum,
265 1649 408 1715 ratione
422 1654 498 1715 tum
510 1651 797 1732 universalitatis,
811 1653 885 1713 turn
903 1650 1039 1736 object&
1055 1649 1198 1714 ratione

83 1757 349 1822 uniuersalitatis
362 1774 443 1821 seso
460 1757 614 1840 porrigit
631 1757 677 1822 ad
696 1778 810 1822 omues
826 1756 990 1821 homiues
1008 1756 1136 1840 (docete
1164 1779 1197 1823 o·

84 1885 167 1929 mnes
174 1865 691 1951 ponteapreclt'cuteeuuapett'um
700 1866 792 1931 omni
805 1868 1014 1946 creaturae),-
1025 1864 1070 1928 ad
1083 1866 1198 1930 omnio

84 1969 156 2035 loca
174 1973 230 2050 (ite
254 1973 292 2036 iu
305 1973 470 2038 muudum
491 1973 935 2056 uuiversum—ubicumque
953 1971 1198 2058 praedicatum

82 2079 179 2162 fucrit
197 2079 408 2164 occupetium
425 2078 512 2161 hoc);
529 2078 575 2143 ad
593 2081 708 2146 omnia
725 2073 891 2161 tempora
919 2082 1005 2158 (ecce
1027 2081 1115 2144 enim
1140 2098 1198 2164 epo

83 2188 243 2252 vobiscum
258 2189 503 2254 sumomm'bua
531 2189 649 2253 diebus
676 2188 851 2272 usquead
875 2188 1199 2253 consummationem

83 2295 388 2382 soeculi-etrepni
402 2297 476 2382 ejus
489 2316 557 2362 non
582 2297 649 2361 erit
659 2296 771 2384 finiam
800 2294 943 2359 ratione
970 2310 1059 2358 vero
1078 2294 1199 2378 objecti

84 2411 223 2467 cunctas
240 2419 299 2468 res
315 2404 497 2490 reltpiosas
511 2403 776 2486 complectitur,
792 2403 857 2467 sub
873 2419 1025 2486 quarum
1040 2400 1197 2466 denomi-

85 2507 220 2573 natione
235 2509 388 2575 veniunt
404 2511 525 2575 omnia
558 2527 651 2594 quae
681 2510 818 2574 directe
852 2509 912 2574 vel
946 2509 1123 2573 indirecte
1153 2507 1198 2573 ad

84 2617 396 2683 sanctificationem
414 2619 617 2683 animarum
646 2617 851 2698 conterunt,
871 2617 977 2681 finem
997 2617 1196 2698 proprium,

85 2719 319 2788 immediatum
337 2727 447 2805 atque
480 2723 725 2788 successorium
755 2722 977 2786 christianae
996 2723 1196 2803 societatis,

86 2828 127 2892 uti
156 2829 250 2894 iuter
267 2828 342 2893 alia
359 2829 554 2912 praeclara
572 2827 789 2893 documenta
808 2829 981 2911 explicite
999 2828 1105 2893 docet
1123 2828 1197 2892 lau·

86 2932 260 3000 dntissitua
293 2933 520 3001 Sanctissimi
555 2935 674 3000 Patris
711 2933 844 3000 Leonis
875 2934 965 3000 XIII
1000 2935 1199 3018 Encyclica

86 3041 271 3110 Immortole
287 3043 357 3108 Det
374 3042 474 3108 hisce
503 3043 696 3107 luculentis
722 3043 858 3108 verbis:
895 3042 1069 3127 Quidquid
1092 3044 1198 3128 ipttar

87 3151 169 3215 satin
197 3152 298 3215 rebus
316 3150 477 3216 humanis
491 3170 622 3236 quoquo
640 3151 738 3218 modo
751 3151 1197 3234 socrum,qutdpuz'dudoa-

87 3254 386 3324 lutamum'marum
403 3259 571 3324 cultumve
586 3259 654 3323 Dei
667 3260 831 3344 pertinet,
847 3261 918 3322 siue
939 3259 1007 3323 tate
1037 3259 1125 3324 illud
1152 3260 1198 3324 ait

88 3370 201 3431 nutura
218 3387 293 3449 suu,
309 3367 381 3432 siue
397 3387 521 3432 rursus
533 3367 601 3431 tole
619 3367 833 3452 intelliputur
844 3373 988 3450 propter
1000 3387 1138 3430 causam
1152 3365 1200 3430 ad

89 3487 177 3551 quo-m
193 3474 358 3561 refertur,
376 3472 415 3538 tu
432 3480 481 3538 est
498 3495 594 3540 omne
610 3475 647 3540 iu
658 3481 829 3559 potestate
846 3474 1057 3557 arbitrioque
1082 3471 1197 3538 Eccle-

89 3577 150 3646 aiut
163 3579 221 3663 (1).

166 3687 239 3753 108.
287 3686 407 3754 Semel
426 3689 679 3772 praestabilita
700 3691 890 3775 penerotim
918 3687 1109 3770 potestatis
1141 3704 1195 3752 ec·

91 3789 303 3860 clesiasticae
333 3796 556 3879 extensione,
575 3785 680 3862 modo
715 3795 957 3861 mensuranda
986 3798 1094 3878 atque
1113 3794 1195 3858 deti·

90 3897 209 3967 utenda
226 3903 328 3970 venit
340 3905 520 3990 spectatim
535 3903 721 3987 quantitas
740 3902 892 3985 triplicis
925 3901 1111 3966 facultatis
1142 3918 1196 3966 su·

91 4019 223 4085 premas
240 4011 413 4094 potestati
431 4009 668 4094 inhaerentis,
683 4011 858 4077 videlicet
870 4008 1064 4074 videndum
1081 4025 1196 4074 rema·

93 4179 258 4196 'ffi—

151 4347 185 4412 (ι)
217 4345 437 4418 §Itaqueiam
