3024 4994
553 375 731 434 -183-

90 521 200 604 victis,
214 539 349 605 eosque
366 518 497 587 Curiae
509 519 697 587 Saecularl
714 517 916 602 puniendos
933 517 1083 584 tradidit
1098 519 1159 602 (1).
1175 517 1202 604 ο)

89 629 349 694 Praetermissis
369 628 533 712 pluribus
551 627 722 694 conciliis
741 644 893 710 quorum
909 643 1070 692 canones
1086 625 1201 692 multi·

88 736 194 818 plices
211 735 390 802 adversus
404 741 526 802 sontes
540 735 771 820 gravioribus
789 733 931 800 delictis
945 733 1106 799 irretitos
1120 751 1203 817 poe-

88 859 154 907 nas
167 847 340 926 statuunt,
360 846 538 909 annotare
555 843 644 909 satis
662 847 717 908 est
748 840 995 906 Tridentinam
1020 837 1204 924 Synodum

88 949 202 1032 palum
219 949 416 1034 agnovisse
434 956 471 1015 et
485 929 659 1033 suprema
676 966 741 1014 sua
758 947 946 1013 sanctione
968 946 1203 1013 confirmasse

88 1062 312 1140 potestatem,
331 1075 403 1141 qua
419 1056 559 1141 pollent
592 1054 740 1122 Judices
769 1053 1032 1138 Ecclesiastici,
1067 1071 1205 1137 poenas

88 1164 292 1246 corporales
310 1163 507 1248 infligendi:
527 1165 569 1229 In
582 1165 789 1230 cauciacum
799 1163 1034 1251 judicialibus
1062 1162 1205 1228 maudu-

89 1277 144 1335 tur
155 1273 307 1337 omnibus
310 1273 491 1359 judicibus
502 1271 770 1353 Ecclesiasticia,
797 1273 1038 1358 cujuscumque
1055 1269 1205 1356 ubiquita-

89 1381 132 1442 tis
160 1379 321 1460 existant,
355 1385 393 1444 ut
424 1380 704 1463 quandocumque
736 1390 946 1442 nxsucuulo
979 1389 1112 1442 REALIS
1144 1375 1206 1442 vel

90 1497 314 1550 PERSONALIS
332 1485 369 1550 io
387 1485 539 1570 quolibet
548 1493 653 1571 purte
661 1485 797 1572 judicii
824 1486 977 1569 propria
1000 1483 1206 1550 auctoritato

89 1592 129 1655 ab
145 1593 231 1676 ipsis
244 1592 323 1684 fieri
350 1593 493 1678 poterit,
513 1591 708 1658 obstineant
736 1613 784 1674 ae,
818 1600 888 1657 tam
912 1593 949 1657 iu
974 1589 1206 1676 procedendo,

91 1719 188 1781 quum
217 1699 420 1786 deficiendo,
433 1722 455 1767 u
472 1701 628 1764 censuris
639 1697 907 1782 Ecclesiasticia
920 1719 981 1764 scu
1007 1697 1206 1780 interdictu·

90 1807 145 1871 sed
161 1807 336 1887 ticonius,
356 1809 387 1872 ai
408 1808 571 1892 cupedire
583 1807 767 1886 videbitur,
783 1808 820 1872 iu
834 1806 950 1871 cauria
972 1787 1143 1888 ciuilibub,
1159 1802 1206 1868 ud

89 1913 200 1997 forum
235 1914 499 1980 Ecleaiuctu’cum
532 1914 780 1999 quomodolibet
798 1914 1055 1999 pertinentibus
1086 1919 1207 1978 contra

94 2041 309 2107 quoscumque
327 2022 431 2087 etiam
448 2022 570 2100 laicos,
594 2033 853 2107 permutemus
877 2031 1126 2086 Pncuumnms
1129 2065 1189 2085 .....
1197 2038 1205 2101 ;

92 2148 145 2192 seu
163 2149 228 2214 per
261 2141 692 2194 cururounumsuoaum
708 2140 1043 2204 Pnasouuuuuoun
1066 2138 1206 2190 meunt-

95 2245 296 2300 οΤιοΝΕΜ...
314 2235 386 2300 sice
416 2235 519 2300 ctiam
544 2255 613 2320 per
641 2247 902 2299 privationum
925 2233 1205 2321 beneficiorum...

3 2335 5 2338 ’
90 2341 268 2423 procedere
298 2347 329 2406 et
347 2360 471 2406 causus
489 2339 631 2428 definire
646 2339 706 2422 (2).

3 2441 4 2444 ’
174 2447 282 2513 Prob.
296 2445 349 2512 4.⁰
360 2447 592 2530 legislatione
602 2448 710 2513 cicili:
719 2444 872 2512 Codices
887 2445 1114 2512 diversarum
1122 2462 1207 2529 gen-

96 2554 174 2620 tium
190 2561 272 2639 post
284 2553 472 2620 Ecclesiae
485 2554 748 2620 institutionem
762 2553 972 2620 concinnati
985 2557 1094 2637 atque
1108 2551 1208 2618 evul-

3 2651 5 2722 J
96 2663 175 2747 goti,
194 2681 238 2729 ac
255 2661 408 2747 proinde
425 2661 555 2745 spiriru
574 2661 789 2745 evangelico
808 2667 845 2726 et
862 2660 1015 2727 salutari
1044 2659 1209 2725 christia·

3 2805 5 2854 5
97 2769 194 2836 nismi
223 2769 361 2835 influxu
377 2769 562 2835 informati
579 2771 770 2835 manifeste
796 2769 957 2834 fatentur
991 2771 1027 2832 st
1053 2766 1210 2848 Juridioe

97 2875 317 2956 proclamant
330 2881 366 2939 et
379 2873 566 2940 Ecclesiae
584 2877 704 2941 inesse
720 2858 886 2940 nativam
898 2877 1118 2958 potestatem
1136 2873 1210 2938 vim

98 2987 277 3048 externam
296 2982 503 3065 adhibendi,
523 2987 560 3047 et
590 2983 663 3047 suit
696 2981 969 3064 MagIstratibus
997 2979 1210 3045 facultatem

3 3155 5 3184 ζ
98 3092 273 3172 propriam
292 3095 500 3173 competere
515 3089 767 3173 delinquentes
781 3106 824 3154 ac
849 3088 975 3153 devios
1005 3086 1211 3152 salubribus

99 3197 214 3272 poenis
231 3195 417 3280 puniendi.
438 3195 493 3261 De
510 3195 615 3262 novis
634 3201 671 3260 et
702 3195 965 3261 recentioribus
990 3192 1211 3259 collectioni·

3 3299 5 3382 ξ
99 3300 157 3366 bus
173 3303 376 3394 allegandis
394 3302 685 3387 supersedemus,
705 3321 786 3368 cum
813 3301 937 3368 (lodex
964 3301 1212 3366 Justiniansus

99 3407 414 3479 luculentIssimum
432 3413 677 3478 testimonium
690 3412 759 3476 hac
776 3429 885 3495 super
903 3429 944 3476 re
971 3409 1075 3475 nobis
1107 3424 1211 3491 prae-

100 3517 164 3605 bst3
181 3523 234 3587 ita
250 3522 346 3587 enim
360 3521 529 3605 egreglus
546 3521 751 3605 Imperator
768 3521 806 3586 in
838 3518 994 3586 Novella
1022 3513 1213 3583 LXXXIII

101 3623 261 3711 loquitur:
291 3627 347 3694 “Si
371 3647 461 3696 vero
491 3629 779 3694 ecclesiasticum
813 3627 860 3693 sit
890 3626 1074 3708 delictum,
1100 3639 1212 3706 egens

3 3725 5 3816 f
103 3737 315 3824 castiqutioue
333 3737 567 3802 ecclesiastico
584 3743 616 3802 et
631 3736 773 3817 mulcta,
793 3733 871 3799 Deo
889 3732 1057 3798 amabilis
1075 3730 1212 3814 episco-

3 3827 5 3912 ζ
102 3853 160 3919 pus
172 3842 239 3909 hoc
253 3843 450 3921 discernat,
468 3842 556 3908 uibtl
570 3841 899 3908 communicantibus
912 3838 1120 3907 cbarissimis
1130 3856 1214 3922 pro·

105 4028 275 4046 -1——2—

164 4225 199 4292 (l)
233 4225 300 4295 Cap.
315 4221 384 4278 Oum
396 4224 430 4278 ab
448 4224 562 4290 bomine,
574 4225 607 4278 lo
620 4222 782 4294 dejuda‘oiu'a

166 4296 203 4366 (2)
239 4297 315 4352 Sese.
329 4295 422 4363 XXV,
435 4312 498 4366 cap.
513 4295 566 4349 111.
