3120 4988
560 397 716 457 ..63-

96 547 231 626 morunt,
250 560 404 626 quarum
429 543 666 626 congregatio
685 543 751 609 sub
768 562 938 628 suprema
956 546 1199 612 Romanorum

96 649 287 716 Pontificum
306 652 526 718 anctoritate
543 656 679 718 vocata
696 657 751 718 est
767 653 804 718 in
817 654 902 736 jnre
936 655 1084 738 publico
1104 653 1200 723 Obri-

96 759 238 824 oliam'tus
253 775 318 823 seu
334 758 553 824 Etbuarcbia
566 759 775 824 christiana.

169 863 295 929 Aetate
307 865 434 948 media,
445 865 701 947 jnrisdictione
715 864 896 930 indirecta
912 866 948 930 in
963 883 1077 949 regna
1091 869 1201 950 atque

97 967 229 1052 imperia
244 971 444 1036 christiane
461 973 660 1037 constituta
674 973 798 1053 utitur,
811 973 948 1056 triplici
965 974 1075 1037 etiam
1092 992 1199 1057 agen-

97 1075 124 1138 di
152 1079 286 1144 ratione
303 1078 480 1144 adhibita:
495 1081 674 1165 puniendo
702 1097 860 1144 summos
889 1082 1112 1164 imperantes
1141 1101 1199 1146 ex-

96 1187 402 1253 communicatione
417 1193 453 1252 et
466 1189 692 1270 poenitentia
703 1189 861 1271 publica,
872 1207 965 1272 quae
975 1207 1116 1271 poenae
1130 1191 1200 1272 pri-

97 1295 261 1361 rationem
285 1296 399 1378 ipsius
428 1296 619 1380 potestatis
649 1296 768 1360 civilis
801 1296 1061 1379 importabant,
1091 1297 1201 1362 etiam

97 1400 288 1486 imperialis;
308 1405 506 1489 deponendo
520 1403 657 1487 pluries
676 1421 696 1468 e
714 1403 805 1467 solio
823 1403 1011 1485 Principes
1044 1403 1200 1468 rebelles

98 1515 127 1573 et
140 1508 285 1576 Sanctae
299 1511 384 1576 Sedi
401 1517 662 1594 repugnantem,
679 1527 875 1592 eorumque
891 1510 1054 1574 subditos
1069 1528 1091 1573 a
1101 1511 1199 1592 jura-

97 1621 200 1682 mento
216 1618 400 1684 fidelitatis
418 1617 656 1700 absolvend03
672 1617 902 1684 consecrando
917 1635 1022 1699 reges
1037 1617 1200 1682 christia·

98 1743 162 1808 nos,
181 1730 215 1790 ut
230 1727 267 1791 vi
288 1745 419 1791 sacrae
453 1726 700 1790 coronationis
725 1729 762 1789 et
778 1725 958 1790 unctionis
976 1728 1012 1788 et
1026 1725 1201 1808 majorem

99 1835 335 1898 auctoritatem
351 1838 387 1898 et
400 1833 575 1916 graviora
592 1833 714 1898 officia
728 1832 863 1898 eisdem
877 1833 1072 1897 conferret.

171 1939 317 2006 Demum
333 1945 456 2006 aetate
469 1942 665 2022 recentiori,
683 1941 818 2025 triplici
835 1940 944 2006 etiam
964 1941 1201 2005 interventio-

99 2047 233 2128 oeapud
245 2049 429 2132 principes
444 2053 479 2114 et
493 2049 712 2114 christianas
725 2050 892 2140 nationes
923 2048 1101 2131 ejusmodi
1130 2050 1200 2132 pri-

100 2159 214 2219 matum
226 2157 368 2220 ratione
381 2159 463 2244 fluis
481 2157 647 2223 Ecclesia
664 2157 770 2222 simul
789 2156 946 2222 ostendit
963 2161 1074 2239 atque
1103 2157 1201 2221 evol·

100 2261 310 2341 vit;iacuodo
342 2264 564 2330 concordata
596 2284 661 2349 pro
690 2265 948 2348 componendis
976 2264 1131 2347 negotiis
1166 2270 1202 2329 et

101 2369 211 2434 mutuis
237 2371 475 2437 relationibus
518 2373 721 2453 servandis;
748 2373 911 2437 mittendo
936 2370 1092 2454 Legatos
1123 2371 1202 2436 sive

101 2471 229 2541 Nuntios
245 2477 348 2544 Sedis
365 2479 611 2563 Apostolicae,
630 2481 689 2563 qui
709 2479 861 2544 Romani
877 2479 1061 2543 Pontificis
1078 2497 1200 2562 perso-

102 2597 168 2646 nam
180 2591 299 2668 agant,
313 2586 496 2670 rebusque
509 2587 769 2653 ecclesiasticis
784 2587 995 2652 ordinandis
1009 2590 1199 2670 praeeant;

104 2687 276 2759 damnando
291 2693 393 2776 leges
407 2693 550 2776 juribus
567 2695 641 2760 suis
656 2695 911 2776 adversanteS,
929 2694 980 2758 uti
995 2693 1050 2758 his
1068 2695 1201 2759 omino-

104 2795 142 2859 sis
155 2801 368 2882 temporibus
385 2803 600 2883 saepissime
618 2802 809 2885 contingit.

175 2905 220 2970 3.⁰
265 2908 628 2992 Argumentationem
648 2914 811 2976 nostram
837 2909 1068 2975 absolvemus
1097 2927 1202 2993 prae-

107 3010 311 3080 eminentiam
342 3015 531 3082 Ecclesiae
548 3018 731 3081 rationum
758 3017 948 3081 momentis
965 3011 1202 3081 corroboran-

107 3111 150 3177 do:
165 3123 196 3182 et
210 3137 296 3185 sane
310 3121 389 3187 sive
402 3127 590 3205 spectetur
607 3123 704 3204 ordo,
738 3123 819 3188 sive
851 3121 1099 3206 perpendatur
1123 3123 1203 3210 finis

108 3227 265 3312 utriusque
281 3231 469 3297 societatis
487 3231 684 3314 religiosae
702 3234 738 3294 et
755 3229 939 3313 politicae,
960 3229 1098 3294 veritas
1127 3228 1203 3294 thc-

105 3330 142 3396 sis
152 3337 344 3402 catholicae
358 3338 596 3421 splendidiori
616 3337 697 3401 luce
715 3337 842 3418 fulget.

175 3445 206 3522 a)
231 3444 295 3510 Jus
311 3445 481 3509 naturale
513 3462 585 3509 non
616 3442 722 3509 modo
756 3443 898 3524 suadet,
933 3459 1059 3506 verum
1094 3441 1203 3506 etiam

106 3559 254 3627 expresse
296 3552 518 3634 praescribit
562 3551 725 3616 ordinem
767 3550 1007 3638 temporalem
1052 3550 1203 3614 subesse

106 3649 216 3721 debere
228 3659 345 3724 ordini
359 3659 554 3741 spirituali,
574 3675 638 3723 seu
654 3659 749 3742 quod
763 3658 856 3722 idem
888 3661 955 3738 est,
989 3656 1069 3739 regi
1096 3657 1203 3737 juxta

105 3756 201 3842 legem
217 3763 389 3847 divinam3
422 3764 486 3830 sed
504 3769 666 3850 potestas
686 3765 805 3830 civilis
835 3763 998 3829 ordinem
1025 3767 1203 3843 tempora-

105 3861 160 3930 lem
175 3872 349 3955 provehit,
368 3871 536 3966 Ecclesia
553 3891 640 3938 vero
659 3872 887 3955 spiritualem
904 3875 1109 3953 promovet;
1139 3870 1203 3952 igi-

106 3973 151 4035 tur
162 3975 259 4056 juxta
271 3979 331 4062 jus
347 3983 502 4045 naturae
521 3982 683 4062 potestas
711 3978 830 4043 civilis
861 3978 958 4062 apud
987 3977 1204 4042 christianos

108 4073 268 4150 Ecclesiae
285 4086 542 4152 subordinatur
558 4087 679 4172 quoad
692 4105 735 4152 ea
752 4087 875 4152 omnia
903 4104 997 4170 quae
1021 4084 1067 4150 ad
1096 4086 1202 4150 finem

110 4185 309 4266 spiritualem
322 4195 524 4278 respiciunt
541 4195 601 4260 vel
618 4195 685 4260 sub
702 4195 783 4278 lege
797 4194 923 4260 divina
946 4193 1091 4259 cadunt.

180 4297 209 4383 b)
231 4299 313 4383 Ipsa
346 4301 493 4368 diversa
522 4305 652 4368 natura
684 4302 765 4367 finis
800 4301 988 4368 Ecclesiae
1020 4306 1057 4367 et
1088 4299 1204 4366 Statui
