3120 4988
132 1297 236 1578 iti
290 1296 596 1578 itiiittt
652 1295 1166 1577 ittiitittiitit
1229 1640 1231 1644 .

315 1711 622 1808 METHODICE
656 1711 981 1808 EXPOSITUM.

266 2229 1031 2454 iniunctione.

617 2698 638 2774 ὅ
656 2693 684 2760 1.

491 2911 561 2979 ius
596 2911 809 2977 Punnicuu.

102 3117 120 3164 i
133 3109 213 3165 Jurt‘e
226 3107 588 3180 etossiciicorreietiod
614 3103 915 3190 Subjectumjurieet
937 3101 1132 3172 obliputiouiet
1133 3104 1214 3154 ermi-

163 3199 227 3236 nus.
230 3185 290 3236 -8
313 3181 503 3262 Acceptionee
510 3195 645 3249 personae
669 3179 699 3230 in
724 3192 811 3231 eeneu
824 3175 953 3244 juridice.
956 3176 1015 3227 —4.
1030 3175 1114 3228 Notio
1132 3173 1214 3228 June

163 3259 223 3308 tum
245 3252 354 3322 publici
377 3257 437 3306 tum
454 3251 569 3321 privati,
588 3249 756 3318 subjective,
780 3247 922 3316 obiective
943 3249 1029 3314 atque
1054 3246 1215 3300 efficienter

163 3327 278 3392 sumpti.
280 3329 343 3380 -5.
356 3323 516 3378 Discrimen
534 3325 608 3378 inter
627 3328 787 3389 utrumque.

183 3507 214 3570 l.
263 3507 470 3590 Antequam
489 3503 535 3569 ad
552 3505 691 3568 rectam
708 3501 729 3566 J
733 3501 806 3566 uris
819 3497 958 3564 Publici
989 3495 1214 3579 explanatio·

101 3629 179 3676 nem
204 3613 453 3695 deveniamus,
473 3609 624 3693 aliquid,
644 3608 712 3674 etei
739 3607 883 3688 leviter,
902 3603 1138 3688 praemittere
1155 3601 1212 3667 de·

99 3719 219 3785 bemus
232 3719 277 3785 de
295 3719 527 3807 intimajurie
540 3735 620 3782 cum
661 3716 774 3804 officio
788 3713 1026 3793 connexione,
1043 3713 1153 3792 atque
1171 3707 1215 3773 de

102 3827 245 3914 subjecte
262 3827 359 3891 illius
380 3831 416 3890 et
431 3825 538 3907 hujus
554 3824 710 3890 termino.

184 3931 317 4000 Omnes
357 3937 484 4016 aperte
524 3935 658 3997 norunt
691 3947 736 3994 ex
768 3927 862 3992 tritis
894 3925 992 3990 Juris
1030 3921 1215 3988 Naturalis

101 4041 285 4124 principiis
304 4041 441 4105 notioni
461 4037 655 4120 cujuslibet
672 4037 770 4125 juris
788 4031 1047 4100 correlativam
1061 4045 1141 4094 esee
1155 4046 1216 4092 ne·

103 4147 231 4212 tionem
265 4147 421 4229 alicujus
455 4148 561 4234 officii
578 4163 641 4210 scu
660 4141 905 4226 obligationie;
925 4134 1217 4222 quandoquidem

105 4269 173 4317 nen
206 4255 408 4337 concipitur
439 4253 514 4318 ulla
542 4254 604 4318 lex
620 4251 781 4332 moralie,
811 4250 890 4315 eive
915 4243 1105 4326 naturaliS,
1139 4241 1217 4306 sive

105 4360 270 4444 positiva,
289 4362 368 4427 sive
393 4362 520 4446 mixte,
550 4360 612 4428 uni
641 4359 802 4426 tribuens
833 4354 1045 4421 facultatem
1078 4347 1216 4432 aliquid

1113 4459 1128 4508 2
