3030 4990
552 371 730 429 -167-

102 515 236 582 medium
252 514 320 580 nisi
335 516 482 596 bellum,
511 519 548 580 ut
565 533 804 600 unaquaeque
819 533 905 598 pars
922 515 1146 580 contendens
1164 515 1202 580 vi

103 621 263 688 mediante
279 640 381 688 suum
395 623 456 705 J'ns
474 626 770 706 prosequeretur,
795 620 892 705 quod
917 620 1060 705 quidem
1090 621 1202 687 socie-

102 735 195 795 tatem
207 729 398 796 humanam
417 729 578 795 funditus
607 735 804 811 everteret,
838 747 858 794 e
891 729 1007 795 medio
1041 729 1203 795 tollendo
1268 799 1281 824 ,

101 843 242 903 mutuam
260 839 566 922 conspirationem
583 837 629 904 ad
647 839 779 903 bonum
795 854 998 919 commune;
1012 835 1065 902 3.⁰
1081 854 1127 903 ex
1145 831 1203 901 de·

100 944 182 1008 iectu
196 946 428 1026 rectitudinis,
448 945 547 1028 quia,
573 948 666 1010 teste
684 943 834 1027 propria
851 947 888 1008 et
916 944 1126 1027 quotidiana
1143 960 1204 1009 ex·

99 1051 273 1134 parientia,
291 1051 343 1115 ita
360 1051 595 1135 praejudiciis
613 1052 825 1135 abripimur,
844 1053 884 1115 ut
908 1051 1047 1133 judicia
1064 1055 1203 1134 nostra,

98 1158 226 1238 quando
244 1158 289 1223 da
307 1158 414 1224 rebus
433 1158 566 1223 nostris
584 1159 719 1242 agitur,
734 1156 925 1241 cupiditati
941 1159 1070 1242 magis,
1097 1177 1206 1243 quam

98 1265 257 1347 aequitati
275 1265 385 1331 facile
401 1266 565 1331 faveant.

172 1371 375 1456 Principem
395 1375 562 1455 superius
580 1375 789 1462 accepimns,
808 1391 891 1438 nam
909 1376 1091 1456 repugnat
1106 1373 1206 1439 Prin·

97 1478 200 1561 cipem
218 1485 256 1544 ut
270 1481 394 1562 talem,
413 1480 482 1546 hoe
499 1486 565 1562 est,
595 1486 780 1565 tamquam
810 1497 1004 1564 personam
1022 1480 1205 1563 publicam

97 1588 309 1671 caeterisque
326 1588 562 1671 superiorem,
576 1589 613 1653 in
626 1589 700 1652 suis
716 1589 977 1655 controversiis
1001 1589 1082 1654 aliis
1095 1588 1205 1670 subji·
1229 1581 1230 1584 ’

97 1694 135 1774 ci3
152 1694 294 1759 aliunde
311 1694 359 1759 ad
389 1699 707 1762 conservationem
725 1697 911 1761 societatis
927 1701 963 1762 et
981 1697 1026 1761 ad
1043 1695 1124 1762 finis
1151 1713 1205 1760 as·

96 1802 331 1884 sequutionem
345 1803 516 1886 pertinet,
537 1806 575 1868 ut
588 1804 630 1888 is,
650 1805 772 1887 inquo
789 1805 975 1869 societatis
989 1805 1074 1887 jura
1098 1804 1206 1887 plene

96 1908 254 1994 resident,
275 1909 410 1974 habeat
420 1911 479 1993 jus
494 1928 539 1977 ea
556 1911 773 1995 imperandi,
795 1929 889 1995 qnae
907 1911 1122 1994 sibimetipsi
1146 1927 1206 1993 op-

97 2019 295 2097 portuniora
311 2019 494 2102 uidentur,
513 2037 651 2104 suoque
663 2020 800 2102 judicio
827 2029 1056 2085 caeterorum
1068 2018 1208 2101 jndicio

96 2122 308 2205 subjiciendi.
322 2125 459 2191 Tamen
489 2127 647 2204 maxime
663 2126 823 2210 expedit,
857 2129 909 2191 uti
934 2127 1009 2191 fers
1034 2126 1205 2208 frequens

97 2245 171 2294 usus
183 2231 258 2296 fere
275 2232 433 2298 omnium
451 2234 679 2316 populorum,
698 2239 737 2298 ut
750 2233 939 2316 Principes
967 2250 1050 2298 suaa
1083 2233 1204 2315 priva·

96 2337 145 2399 tas
161 2354 285 2404 causas
300 2357 372 2404 non
386 2340 562 2422 judicent,
578 2341 642 2406 sed
656 2340 840 2423 judicibus
854 2339 1032 2423 delegatis
1046 2339 1205 2404 commit-

96 2449 177 2527 tant,
195 2446 329 2512 eisdem
346 2447 584 2531 relinquendo
602 2466 730 2514 veram
756 2448 1031 2531 perfectamque
1059 2446 1207 2511 liberta·

96 2553 161 2615 tem
175 2551 209 2618 in
220 2554 374 2620 ferenda
388 2555 571 2620 sententia
590 2556 651 2620 vel
669 2553 907 2638 proponenda
920 2554 1114 2619 solutione.

174 2656 226 2723 96.
274 2658 427 2725 Demum
444 2678 491 2725 ex
508 2659 1033 2743 conceptujuridico-naturali
1048 2661 1205 2741 potesta·

96 2763 135 2828 tis
151 2766 337 2832 coactivas
354 2767 468 2833 fluunt
484 2769 554 2833 tria
573 2769 772 2851 praecipua
789 2765 1018 2833 consectaria
1042 2782 1123 2829 curn
1151 2782 1207 2829 or·

97 2868 169 2936 dine
198 2873 428 2940 criminatiet
456 2876 599 2961 peceati
628 2875 753 2941 intime
784 2874 955 2958 copulata
991 2876 1027 2937 et
1053 2871 1207 2954 speciali

96 2981 265 3046 mentione
283 2981 405 3064 digna:
426 2982 477 3046 1.⁰
493 2983 654 3066 genuina
671 2987 804 3048 natura
831 2979 1024 3064 potestatis
1052 2980 1206 3045 coerciti·
1236 2979 1240 2987 '

97 3102 160 3167 naq
173 3086 224 3152 2.0
241 3106 332 3153 vera
348 3089 447 3154 notio
465 3091 674 3172 systematis
692 3090 901 3172 criminalia·
930 3085 978 3154 3.⁰
1007 3087 1207 3170 legitimum

97 3189 358 3260 fundamentum
376 3197 586 3278 systematis
594 3197 769 3282 poenalis.

174 3299 228 3367 97.
277 3301 416 3368 Natura
443 3305 635 3387 potestatis
666 3305 850 3370 coactione.
882 3300 938 3366 Ad
967 3299 1207 3365 definiendam

97 3410 252 3474 naturam
271 3411 464 3502 potestatis
481 3413 672 3477 coactivae
690 3412 761 3476 tria
792 3409 1019 3490 investigare
1050 3411 1206 3490 oportet,

98 3512 265 3598 nimirum,
280 3517 358 3599 ejus
375 3520 553 3604 oripiacm,
574 3521 676 3607 finem
694 3519 913 3604 atquejara:
939 3517 967 3594 ⁸)
991 3514 1206 3579 ¹fundamen·

99 3621 162 3686 tum
178 3625 345 3690 naturale
358 3643 422 3691 seu
437 3627 562 3693 titulus
580 3643 710 3709 exque
729 3626 842 3692 oritur
859 3626 1022 3706 potestas
1039 3622 1207 3687 coactiva

99 3732 146 3792 est
160 3732 357 3798 necessitas
382 3734 518 3800 tutelae
535 3735 671 3799 ordinis
699 3733 845 3799 socialis
878 3737 914 3797 et
946 3732 1002 3798 vis
1033 3731 1208 3814 physicae

100 3838 272 3918 proportio
305 3838 421 3905 eidem
440 3841 589 3923 tutelae,
609 3840 752 3906 natiuis
770 3839 916 3904 socialis
950 3839 1131 3904 assecutio
1163 3855 1208 3902 ex

101 3937 165 4006 toto
180 3945 239 4009 vel
255 3962 302 4011 ex
328 3951 433 4029 parte
465 3948 696 4030 impediatur3
714 3943 739 4031 ¹³)
754 3948 835 4033 fiais
862 3945 896 4009 in
929 3945 1209 4010 conservatione

102 4045 247 4124 ejusdem
266 4053 402 4118 ordinis
420 4055 566 4120 socialis
584 4055 673 4119 situs
688 4063 754 4136 est,
775 4052 943 4135 adquam
962 4053 1076 4117 tutela
1107 4057 1207 4117 natu·

102 4167 136 4217 ra
147 4174 207 4224 sua
219 4161 419 4245 ordinatnr;
438 4165 569 4250 ⁰)jcro,
595 4181 689 4246 quae
707 4161 879 4246 potestati
909 4161 1130 4226 coercitivae
1148 4159 1208 4225 vei

103 4267 333 4350 exsecutivae,
351 4269 382 4334 si
399 4271 527 4336 melius
556 4271 689 4353 placet,
724 4273 943 4351 competunt,
960 4273 1111 4351 possunt
1128 4285 1207 4350 spe·
