3030 4990
537 435 714 492 -161-

153 577 217 642 92.⁸
252 579 420 644 Potestas
438 579 592 646 coactiva
606 577 749 643 dicitur:
767 578 834 644 Jas
850 579 919 644 oica
927 579 1110 665 physicam
1123 580 1184 644 ad·

80 684 199 750 libandi
225 687 263 750 in
282 704 453 770 personas
481 687 527 752 ad
555 687 824 753 consecutionem
844 687 926 774 finis
953 687 1105 768 socialis,
1124 686 1186 752 vel

79 793 160 875 quod
175 794 268 858 idem
285 797 353 877 est,
369 793 524 880 facultas
539 797 573 860 oi
588 801 731 859 caterno
749 794 889 880 cogendi
898 813 968 879 pro
978 795 1046 881 fine
1062 795 1186 860 sociali

79 901 241 966 obtinendo
267 922 382 966 omncs
406 909 620 967 contumaces
649 903 742 984 (sive
771 906 977 984 renuentes,
997 901 1076 966 sive
1104 918 1186 965 con·

80 983 277 1090 temnentes,
297 1009 377 1073 sive
401 1008 641 1093 impedientes
658 1009 808 1090 inerint)
826 1009 873 1074 aot
883 1010 1048 1094 ponenda
1062 1009 1185 1091 madia,

78 1137 152 1200 puae
161 1137 225 1200 par
235 1123 443 1202 potestatem
468 1119 650 1203 icpifcram
675 1119 860 1203 proposita
877 1125 967 1200 auat,
984 1138 1112 1182 occano
1140 1117 1187 1182 aci

77 1223 180 1288 ecdem
194 1231 284 1288 recta
300 1224 515 1310 applicanda
524 1227 633 1310 juata
652 1245 726 1290 cam
743 1225 881 1290 modum
898 1231 930 1290 et
957 1245 1102 1305 sensum,
1121 1244 1185 1308 quo

73 1333 243 1414 proposita
260 1339 350 1396 cant.

152 1437 204 1502 Ex
217 1439 311 1520 juris
328 1439 507 1503 naturalis
525 1439 716 1522 principiis
734 1439 843 1523 plene
857 1439 1057 1504 ostenditur
1074 1439 1185 1504 socie·

76 1545 389 1628 tatemperiectam
417 1547 626 1612 necessario
651 1547 761 1629 potiri
791 1547 924 1612 debere
958 1548 1068 1612 etiam
1086 1547 1185 1630 pote-

75 1655 157 1716 state
172 1654 338 1718 ooactiva
369 1659 432 1718 aut
447 1654 648 1719 coercitiva
662 1671 774 1736 supra
793 1659 943 1720 cunctos
962 1654 1183 1736 adsociatos,
1248 1686 1253 1696 ·

76 1758 313 1843 quodquidam
329 1760 486 1845 simplici
504 1762 821 1845 argumentatione
835 1761 1116 1826 demonstratur:

151 1865 312 1933 Societas
341 1869 518 1952 perfecta,
538 1869 718 1935 communi
736 1869 894 1933 omnium
922 1867 1113 1951 suffragio,
1133 1886 1185 1933 es·

75 1974 205 2039 sentiali
233 1981 343 2058 atque
367 1975 571 2042 indubitato
595 1979 679 2059 jure
708 1976 843 2060 gaudet
872 1981 946 2041 tum
976 1976 1185 2059 exigendis

8 2065 9 2068 '
75 2080 181 2163 sociis,
211 2085 285 2146 tum
319 2100 385 2165 per
418 2101 458 2148 se
487 2082 699 2166 praestandi
733 2081 907 2166 quidquid
937 2083 1185 2148 necessarium

76 2189 273 2254 aestimatur
299 2189 345 2253 ad
369 2191 477 2255 finem
505 2191 787 2256 consociationis
817 2189 1064 2270 obtinendum
1084 2191 1184 2274 atqui

75 2299 223 2374 potestas
241 2297 412 2362 coactiva
428 2299 638 2363 necessaria
655 2298 799 2362 omnino
818 2302 873 2362 ost
889 2315 954 2380 pro
972 2296 1044 2362 fine
1056 2297 1185 2362 sociali

76 2404 301 2486 assequenda
328 2421 415 2486 ergo
443 2406 612 2470 societati
641 2405 829 2488 perfectae
859 2404 1061 2470 certissimo
1091 2422 1183 2470 com·

75 2511 164 2590 petit.

150 2617 293 2682 Veritas
307 2619 565 2702 propositionis
579 2618 728 2700 majoris
744 2619 880 2702 absque
894 2619 1184 2686 contradictione

75 2722 111 2786 ab
126 2727 286 2792 omnibus
305 2726 506 2791 admittitur
525 2731 561 2791 et
578 2726 803 2808 conceditur,
818 2726 934 2790 minor
948 2730 1088 2790 tantum
1101 2745 1183 2810 pro-

75 2827 179 2896 banda
209 2839 385 2914 remanet,
406 2832 502 2914 quod
530 2833 582 2896 ita
615 2833 835 2897 conficimus:
862 2833 900 2896 in
930 2831 1094 2915 qualibet
1122 2832 1182 2897 hu·

75 2951 168 3002 nana
195 2939 373 3002 societate
401 2957 467 3021 pro
485 2940 743 3004 consecutione
760 2939 839 3004 finis
868 2946 905 3004 et
935 2938 1071 3003 ordinis
1100 2956 1182 3004 con·

74 3045 269 3110 servatione
297 3046 483 3111 sufficeret
514 3053 677 3130 potestas
709 3069 800 3113 mere
828 3048 1008 3130 directius,
1038 3065 1182 3131 nempe,

74 3155 238 3232 quaedam
257 3161 421 3238 potestas
448 3156 661 3239 magisterii,
681 3173 775 3239 quae
793 3155 913 3220 media
930 3156 1090 3236 doceret,
1111 3173 1183 3220 mo·

75 3257 215 3345 dumque
246 3282 290 3327 ea
318 3263 513 3329 adhibendi
542 3263 781 3347 patefaceret,
801 3263 831 3328 si
864 3263 908 3327 ob
938 3263 1184 3358 ignorantiam

75 3371 198 3435 tanturn
212 3371 450 3455 impediretur
467 3373 547 3436 tiuis
563 3373 710 3436 socialis
725 3374 762 3436 et
775 3372 1022 3455 tranquillitas
1038 3371 1184 3453 publica

74 3477 282 3562 turbaretur3
297 3481 380 3562 jam
393 3497 495 3562 vcro,
515 3484 662 3563 praeter
690 3479 784 3545 hano
800 3497 947 3544 causam
971 3479 1183 3543 necessario

74 3586 315 3664 agnoscendae
332 3592 417 3651 sunt
431 3589 504 3652 tres
519 3587 627 3670 aliae,
643 3605 737 3670 quae
750 3588 1015 3652 assecutionem
1032 3585 1113 3650 finis
1129 3602 1183 3649 so·

74 3689 163 3757 ciniis
181 3694 398 3776 praepedire
416 3701 452 3760 et
468 3695 650 3777 publicam
678 3694 990 3778 perturbationem
1009 3692 1182 3758 inducero

75 3807 223 3884 possunt,
244 3802 429 3884 videlicet,
445 3803 584 3868 matitia
597 3801 633 3866 in
648 3800 952 3884 delinquentibus,
968 3803 1185 3867 contumacia

75 3902 103 3968 in
115 3909 370 3991 criminalibus,
387 3913 495 3993 atque
509 3909 688 3990 naturalis
700 3909 778 3974 vitii
792 3909 977 3974 accersitas
991 3907 1027 3972 in
1037 3907 1181 3973 demon·

75 4010 155 4078 tibus
170 4016 231 4080 val
249 4016 374 4081 morbo
402 4016 588 4099 pestilenti
616 4015 773 4096 iniectis3
793 4015 857 4079 sed
877 4031 1000 4078 omnes
1018 4014 1184 4096 perfecte

76 4127 192 4187 norunt
208 4123 398 4205 malitiam,
415 4123 696 4203 contumaciam,
716 4127 752 4186 et
765 4123 877 4187 multo
903 4121 1018 4203 magis
1037 4125 1180 4186 natura·

75 4221 134 4292 lem
149 4232 416 4314 necessitatem,
436 4231 580 4296 nonnisi
598 4231 635 4296 vi
654 4233 805 4295 externa
831 4228 995 4294 adhibita
1022 4228 1182 4294 cohiberi

76 4347 178 4419 posse,
198 4339 309 4422 igitur
326 4339 484 4406 societas
502 4339 680 4422 perfecta,
699 4338 731 4404 si
747 4355 811 4404 suo
823 4337 885 4404 fini
913 4335 1180 4430 persequendo,

1024 4446 1055 4497 12
