3030 4990
807 415 984 471 -1‘22-

419 556 485 623 lus
503 561 540 622 et
563 557 719 623 officium
744 559 974 643 protectionis
1002 555 1156 622 Summis
1188 557 1444 641 imperantibus

333 665 509 747 competit
526 669 676 748 propter
693 665 816 730 borram
833 665 1031 742 societatis,
1065 665 1150 748 quia
1183 667 1264 730 finis
1296 666 1443 731 directus

334 779 371 838 et
383 773 517 836 honum
536 772 724 854 proprium
742 777 852 854 atque
865 771 1107 854 adaequatum
1136 772 1322 838 societatis
1335 774 1443 838 civilis

333 880 487 961 positum
506 884 561 942 est
593 877 630 942 in
660 877 909 960 promovenda
935 877 1114 944 felicitate
1146 879 1351 960 temporali,
1381 897 1443 944 non

333 985 476 1068 quidem
495 985 660 1050 absolute
674 989 710 1048 et
723 985 949 1067 simpliciter,
965 983 1029 1048 scd
1043 989 1222 1067 quatenus
1238 990 1294 1050 est
1306 987 1443 1068 propria

332 1092 499 1174 hominis,
515 1091 683 1156 ordinata
696 1109 826 1174 nempe
843 1091 889 1156 ad
906 1093 1019 1157 vitam
1035 1096 1236 1174 aeternam,
1256 1109 1300 1156 ac
1324 1092 1442 1158 deinde

331 1200 367 1264 iu
385 1200 548 1264 curanda
560 1199 825 1282 tranquillitate
841 1205 877 1264 et
893 1217 983 1283 pace
997 1199 1245 1283 Reipublicae,
1262 1217 1353 1282 quae
1366 1217 1441 1282 pars

332 1307 489 1372 maxima
501 1311 556 1372 est
570 1307 780 1389 temporalis
799 1307 1001 1388 felicitatis;
1018 1307 1119 1390 atqui
1132 1307 1210 1372 sine
1223 1325 1358 1372 morum
1371 1325 1440 1390 pro·
1480 1327 1484 1336 ’

330 1413 443 1478 bitate
460 1421 496 1477 et
513 1413 736 1509 obligatione
753 1413 789 1476 in
807 1413 1040 1478 conscientia
1058 1412 1197 1494 innixa,
1216 1431 1309 1496 quae
1326 1414 1360 1478 in
1374 1413 1440 1478 Deo

329 1540 431 1587 suum
450 1527 625 1604 agnoscat
641 1526 826 1586 auctorem
841 1525 876 1586 et
897 1521 1091 1599 vindicem,
1108 1528 1217 1605 atque
1233 1523 1312 1586 sine
1340 1539 1441 1586 verae

330 1629 518 1712 religionis
536 1629 634 1693 cultu
652 1634 689 1693 et
703 1628 937 1694 observantia
954 1628 1112 1694 felicitas
1148 1629 1370 1712 temporalis,
1388 1645 1439 1710 pu-

330 1736 429 1802 blica
443 1736 688 1818 tranquillitas
706 1739 743 1800 et
759 1753 832 1818 pax
850 1736 997 1800 socialis
1015 1735 1075 1800 diu
1093 1735 1293 1801 consistere
1321 1751 1438 1818 neque-

331 1851 405 1925 unt;
426 1861 512 1926 ergo
531 1842 780 1908 Moderatores
795 1841 967 1907 Statuam
984 1861 1049 1925 pro
1068 1843 1146 1926 ipso
1161 1844 1254 1908 bono
1269 1841 1439 1908 societatis

329 1950 509 2015 humanae
527 1948 753 2034 assequendo
772 1953 809 2014 et
847 1967 939 2032 pace
973 1950 1120 2032 publica
1147 1949 1299 2014 tutanda
1327 1964 1438 2012 veram

291 2053 295 2062 '
330 2055 543 2140 religionem
563 2063 766 2138 protegere,
788 2055 1048 2140 Ecclesiaeque
1067 2053 1279 2122 Catholicae
1299 2075 1373 2122 eam
1389 2074 1437 2120 cu-

330 2165 545 2229 rantisuum
564 2164 789 2243 praesidium
822 2168 858 2226 et
897 2162 1062 2228 favorem
1094 2165 1273 2246 praebere
1301 2163 1437 2229 obstriu·
1502 2177 1503 2186 ¹

330 2277 475 2354 guntur.

418 2377 437 2442 J
444 2397 482 2442 us
507 2384 543 2442 et
560 2377 718 2442 officium
750 2379 1062 2462 attemperationis,
1082 2377 1149 2443 hoc
1162 2385 1229 2460 cst,
1249 2379 1347 2462 leges
1363 2378 1436 2442 civi·

330 2485 383 2550 les
415 2485 637 2568 legislationi
684 2485 887 2550 canonicae
918 2503 983 2550 seu
1009 2485 1283 2550 ecclesiasticae
1312 2487 1436 2550 consor-

330 2591 452 2656 mandi
484 2592 708 2675 Praepositis
742 2593 928 2656 nationum
961 2595 1146 2674 competit,
1174 2597 1323 2676 propter
1353 2600 1436 2658 aolu-
1501 2669 1502 2672 Ἴ

329 2721 406 2766 rom
423 2701 621 2781 societatis,
643 2708 716 2764 tum
728 2701 928 2786 formalem,
947 2705 1021 2764 tum
1035 2702 1262 2783 materialem
1278 2719 1323 2766 ex
1336 2699 1435 2764 cousi·

330 2807 518 2873 deratione
532 2808 691 2893 formali,
711 2807 888 2890 siquidem
908 2808 1066 2873 societas
1080 2807 1198 2874 civilis
1231 2813 1370 2891 oportet
1393 2807 1436 2869 ita

330 2920 572 2998 prosequatur
605 2915 714 2979 tinem
745 2934 847 2980 suum
866 2917 1053 2999 proprium
1071 2924 1107 2983 et
1125 2916 1300 2982 directum
1330 2917 1365 2981 in
1395 2916 1434 2978 le·

330 3021 468 3086 licitate
486 3023 678 3104 temporali
697 3023 865 3105 positum,
882 3027 920 3086 ut
933 3023 1024 3087 haec
1040 3024 1087 3088 sit
1111 3041 1198 3088 vere
1216 3024 1392 3106 completa
1406 3027 1436 3084 et

331 3126 548 3210 adaequata,
567 3128 676 3192 etiam
693 3128 728 3192 in
750 3130 827 3194 vita
842 3130 1041 3211 praesenti,
1060 3147 1190 3212 nempe
1207 3129 1341 3194 homini
1367 3145 1433 3210 pro·
1500 3197 1501 3204 χ

330 3239 550 3317 por·tionata;
570 3235 645 3318 sed,
666 3241 703 3300 ut
719 3237 876 3301 felicitas
906 3237 1089 3302 hominum
1120 3237 1255 3300 evadat
1272 3237 1376 3300 ctiam
1406 3233 1434 3294 in
1500 3225 1501 3242 ¹

330 3339 454 3405 ordine
474 3343 666 3425 temporali
685 3344 866 3426 compieta
883 3349 919 3408 et
937 3343 1156 3427 adaequata,
1176 3361 1219 3408 eo
1245 3343 1336 3426 qudd
1354 3343 1434 3405 bona

330 3448 534 3513 materialia
552 3449 657 3514 simul
673 3467 716 3514 ac
735 3451 941 3532 spiritualia
958 3451 1235 3534 complectatur,
1250 3451 1365 3516 omnia
1388 3463 1433 3512 or·

330 3555 447 3620 dinari
465 3555 598 3621 debent
617 3556 664 3621 ad
686 3557 795 3622 finem
825 3558 988 3624 ultimum
1005 3559 1332 3642 supernaturalem;
1360 3571 1432 3636 crgo

329 3661 518 3728 Praesides
533 3664 720 3729 nationum
734 3665 1016 3746 legislationem,
1031 3667 1206 3749 regimen,
1224 3664 1432 3730 administra·
1499 3713 1500 3762 4

330 3771 481 3853 tionem,
501 3775 706 3854 cunctaque
723 3773 872 3856 negotia
904 3773 1057 3838 socialia
1085 3773 1136 3838 ita
1163 3775 1377 3840 constituere
1405 3773 1433 3832 ct
1499 3799 1500 3806 κ

331 3881 535 3959 temperare
550 3883 731 3961 tenentur,
746 3883 796 3963 ut,
824 3885 1002 3964 quatenus
1039 3880 1264 3962 reipublicae
1292 3876 1431 3943 conditio

331 3982 436 4065 sinat,
449 3985 1430 4072 felicitatiaeteruaepraedisponant,ejusqueconsecu·

331 4089 464 4153 tionem
482 4091 668 4172 adJuvent:
688 4111 734 4158 ex
751 4092 1044 4158 consideratione
1060 4093 1429 4178 materiali,·quoniam,

331 4197 361 4260 si
378 4196 415 4261 in
431 4197 607 4262 societate
625 4199 804 4266 catholice
819 4201 1017 4266 constituta
1033 4201 1178 4284 singula
1204 4201 1359 4268 membra
1385 4213 1429 4260 co·
1498 4241 1499 4288 ,

330 4305 463 4384 guntur
481 4305 644 4369 omnibus
662 4307 801 4372 viribus
816 4308 889 4374 suis
907 4307 1123 4390 religionem
1156 4309 1352 4377 revelatam
1369 4319 1428 4368 am·
1498 4295 1499 4326 ³
