3024 4994
781 389 950 450 -222-

304 531 456 598 Nomine
473 533 526 598 cic
553 532 710 599 armatae
741 534 967 616 intelligitur:
993 537 1046 602 eie
1068 536 1213 622 publica
1236 537 1355 604 idonea
1370 538 1411 603 od

304 642 502 708 uiolentiam
519 645 732 728 corporalem
763 652 795 710 et
817 645 946 711 domici
973 647 1124 712 mucimc
1150 647 1259 711 incito
1276 647 1410 731 infer-cc·

304 750 400 834 dam·
426 751 736 832 praemonendum
762 752 923 818 ducimus
947 753 1014 818 sub
1042 751 1112 818 hac
1130 751 1411 818 denominatione

304 857 450 922 minime
486 859 744 942 comprehendi
788 876 906 943 neque
953 858 1132 925 modicam
1164 858 1411 924 coercitionem

304 983 410 1048 quam
427 966 712 1049 patresfamilias
729 967 765 1032 in
782 967 887 1048 filios,
906 967 1064 1050 praelati
1081 965 1270 1030 Ecclesiae
1284 967 1318 1030 in
1347 966 1410 1030 cle-

301 1071 409 1155 ricos,
435 1077 471 1137 et
492 1072 644 1139 abbates
671 1075 707 1139 in
734 1073 928 1140 monachos
958 1091 1132 1139 exercere
1161 1077 1407 1154 consuescunt,

302 1196 421 1262 neque
438 1179 548 1245 etiam
574 1199 729 1264 parrum
760 1185 1015 1247 exsecutorum
1033 1199 1235 1260 numerum,
1255 1197 1340 1263 quos
1356 1179 1412 1243 tri-

302 1285 412 1352 bunal
425 1288 713 1353 ecclesiasticum
728 1306 795 1371 pro
807 1289 934 1372 poenis
947 1287 1207 1370 temporalibus
1219 1285 1412 1369 infligendis

301 1393 448 1477 suisque
476 1394 666 1460 sententiis
699 1395 942 1479 exsequendis
974 1394 1148 1460 adhibere
1178 1393 1413 1477 potestatium

302 1519 383 1567 cum
400 1502 592 1584 potestatis
610 1503 729 1568 civilis
747 1519 937 1586 consensu,
969 1503 1021 1567 uti
1050 1499 1246 1585 aliquando
1272 1500 1413 1582 contigit

302 1609 338 1673 in
353 1607 596 1691 concordetis,
615 1609 795 1693 inquibus
812 1627 1025 1674 concessum
1043 1613 1109 1690 est,
1128 1613 1168 1672 ut
1196 1607 1363 1690 Episcopi
1376 1607 1413 1669 12

301 1713 450 1780 lictores
463 1713 652 1796 haberent,
673 1716 948 1800 Archiepiscopi
962 1733 1050 1780 vero
1066 1715 1122 1779 24:
1150 1713 1328 1797 loquimur
1339 1713 1413 1777 heic

302 1820 347 1886 de
363 1823 400 1888 vi
418 1839 507 1888 vere
522 1823 669 1907 publica
687 1828 722 1888 et
741 1825 886 1889 omnino
904 1823 1064 1888 militari.

380 1929 449 1994 Pro
462 1927 532 1994 hac
544 1930 721 1996 solvenda
736 1931 949 2014 quaestione
964 1929 1188 2012 distinguere
1201 1945 1349 1994 necesse
1363 1931 1413 1992 est

297 2036 357 2117 Jus
375 2036 620 2102 immediatum
640 2041 749 2120 atque
768 2037 977 2118 mediatum
992 2037 1084 2104 tuac
1100 2041 1155 2100 eet
1168 2035 1325 2101 facultas
1339 2053 1412 2118 pro·

301 2141 556 2225 priahabendi
575 2147 611 2208 et
643 2142 881 2226 organizandi
912 2161 979 2226 per
1010 2147 1105 2208 seet
1135 2141 1413 2225 independenter

300 2248 375 2313 vim
392 2249 574 2330 publicam
596 2267 661 2333 pro
680 2249 843 2332 urgenda
866 2249 1103 2315 exsecutione
1121 2249 1241 2332 legum
1258 2249 1318 2313 vel
1340 2265 1412 2312 sen·

301 2354 508 2436 tentiarum3
541 2355 740 2420 iocantem
770 2360 924 2422 vocatur
955 2356 1114 2420 facultas
1145 2373 1167 2420 a
1197 2360 1294 2420 statu
1320 2353 1411 2420 civili

301 2459 470 2543 exigendi
487 2461 543 2526 vis
561 2466 724 2528 armatae
743 2462 916 2528 auxilium
935 2463 981 2528 ad
999 2463 1099 2546 leges
1117 2462 1305 2527 Ecclesiae
1318 2479 1412 2526 exse·

300 2566 462 2649 quendas
479 2567 628 2651 ejusque
640 2569 842 2634 sententias
856 2568 1121 2652 adimplendas.
1141 2569 1161 2634 J
1167 2587 1207 2633 us
1226 2567 1411 2633 mediatum

300 2676 400 2736 certe
420 2671 607 2739 Ecclesiae
636 2677 821 2758 competit,
841 2693 926 2740 nem
954 2676 1032 2740 sine
1066 2677 1104 2742 vi
1121 2680 1266 2741 armeta
1282 2692 1412 2758 poenes

300 2779 533 2861 temporales,
568 2781 676 2845 etiam
704 2781 866 2846 mitiores
891 2782 1122 2848 exsecutioni
1146 2781 1320 2847 mandare
1347 2798 1412 2846 non

299 2890 435 2968 posset;
448 2887 507 2967 Jus
519 2903 608 2952 vero
625 2887 870 2954 immediatum
888 2891 1109 2955 auctoritate
1117 2891 1270 2975 propria
1287 2889 1332 2954 ad
1355 2888 1412 2952 Ec·

299 2992 448 3056 alesiam
472 3011 553 3087 non·
570 2995 740 3079 pertinet,
759 2997 895 3078 poterit
911 3002 1031 3062 autem
1050 2997 1270 3063 auctoritate
1286 2997 1412 3062 decula·

304 3097 677 3164 ticcilludexercere.

391 3202 577 3269 Ecclesiae
609 3223 681 3270 non
715 3213 923 3292 competere
940 3211 1015 3274 vim
1033 3221 1214 3275 armatam
1239 3209 1410 3275 immedie-

302 3311 376 3373 tam
406 3313 491 3396 jure
524 3313 674 3397 proprio
715 3315 896 3380 evincitur
933 3320 1089 3398 quatuor
1127 3317 1343 3382 rationibus:
1371 3312 1410 3380 1.⁰

303 3413 507 3481 testimonio
524 3415 583 3481 SS.
612 3417 771 3501 Patrum3
801 3428 888 3486 nota
915 3427 999 3487 sunt
1017 3422 1133 3488 verba
1157 3423 1192 3488 S.
1226 3419 1408 3488 Ambrosii:

301 3520 428 3586 Dolore
451 3530 585 3606 potero,
605 3531 728 3608 potero
752 3527 875 3612 flere...
901 3529 989 3594 tatic
1006 3531 1098 3595 anim
1113 3530 1411 3596 munimentorum

302 3627 503 3692 sacerdotia:
518 3629 622 3693 aliter
636 3651 696 3694 aec
713 3631 823 3714 debeo,
840 3654 1052 3719 aecpoaeem
1080 3637 1243 3703 resistcre
1273 3636 1333 3720 (1);
1359 3627 1409 3696 ad·

303 3728 372 3794 huc
400 3732 573 3813 explicite
608 3734 767 3819 loquitur
786 3737 831 3802 D.
850 3739 1012 3805 Joannes
1046 3738 1339 3824 chrysostomus:
1356 3737 1408 3804 Sc·

302 3835 449 3901 cordatis
462 3846 511 3902 eat
536 3846 667 3906 tactam
683 3863 826 3928 arcuere
846 3854 877 3912 ct
900 3849 1068 3914 audacter
1092 3858 1124 3915 ct
1138 3850 1246 3916 tibere
1261 3852 1406 3916 admerc-

300 3961 435 4018 re,¹,aon
460 3964 591 4010 mouere
615 3967 727 4031 armo,
746 3971 812 4016 nou
830 3953 965 4038 clypeos
983 3976 1168 4041 usurpare,
1199 3977 1269 4024 aon
1286 3959 1409 4024 vibrare

301 4129 484 4140 -—--..—....

373 4275 410 4338 (l)
445 4273 532 4330 Serm.
545 4280 639 4332 curtim
650 4281 766 4338 coeat.
