3146 4980
767 429 805 442 -
828 397 946 457 458-

291 544 383 609 olim
402 541 604 608 catholicas
620 540 811 606 hodiedum
830 541 963 624 ubique
979 548 1016 605 et
1032 541 1177 605 inomni
1204 559 1325 606 rerum
1360 561 1425 625 ge-

289 667 379 716 nere
398 656 598 731 grassatur,
614 648 721 729 juxta
737 655 948 713 consuetum
965 647 1223 713 Providentiae
1241 649 1426 724 ordinem,

295 765 576 840 perseveratum
590 755 647 834 iri,
666 753 864 836 usquedum
882 771 1013 836 magns
1033 756 1246 836 populorum
1278 755 1430 820 scelera

297 867 334 928 et
350 862 499 946 publica
515 878 709 943 regnorum
723 860 863 944 flagitia
879 877 1042 942 congrua
1054 861 1264 944 expiatione
1276 862 1427 926 dolean-

296 978 366 1034 tur.

391 1073 518 1154 Quoad
543 1073 824 1155 extirpationem
842 1073 934 1136 tanti
950 1073 1048 1154 mali,
1068 1073 1187 1138 media
1214 1081 1429 1158 opportuna

303 1181 497 1263 designare
511 1187 547 1244 et
562 1181 770 1244 efficaciora
784 1181 944 1244 remedia
957 1181 1145 1262 applicare
1157 1181 1318 1246 Romano
1332 1181 1426 1246 Pon·

300 1289 388 1353 tillci
416 1295 453 1352 et
484 1287 671 1351 Ecclesiae
709 1285 919 1350 Pastoribus
938 1287 1022 1368 jure
1054 1288 1201 1370 proprio
1234 1288 1427 1369 competit:

305 1397 417 1476 atque
441 1393 522 1456 heic
540 1393 662 1474 palam
694 1393 923 1456 declaramus
952 1401 988 1456 et
1018 1401 1149 1474 sponte
1170 1394 1328 1458 fatemur
1354 1410 1429 1458 nos

304 1500 428 1565 divino
445 1499 582 1564 auxilio
600 1499 712 1563 fretos
732 1517 775 1563 ex
791 1507 866 1562 toto
883 1499 991 1564 corde
1009 1507 1046 1563 et
1075 1501 1240 1582 usquein
1268 1505 1427 1564 mortem

300 1606 554 1671 Deoisiouibus
571 1604 794 1670 Somniorum
808 1604 1033 1687 Pontificum,
1049 1606 1111 1687 qui
1137 1604 1269 1671 Christi
1302 1607 1427 1670 locum

303 1713 468 1778 obtinent
501 1721 538 1776 et
569 1712 751 1776 infallibili
785 1713 994 1794 magisterio
1018 1713 1191 1796 gaudent,
1223 1723 1260 1777 st
1284 1713 1429 1793 jndicio

304 1818 581 1901 Episcoporum,
601 1819 730 1900 quibus
748 1824 929 1900 tamquam
945 1818 1112 1883 Patribus
1126 1821 1259 1884 nostris
1272 1821 1307 1884 in
1321 1825 1431 1884 recta

306 1925 377 1990 ilde
395 1927 623 1989 commissum
638 1930 693 1989 est
707 1924 907 2006 depositum
921 1927 1171 2006 revelationis,
1190 1943 1270 1991 esse
1286 1927 1427 1990 obtem-

303 2043 509 2114 peraturos;
540 2030 643 2096 nobis
674 2031 861 2094 dumtaxat
878 2032 1015 2096 licitum
1043 2033 1113 2096 erit
1145 2041 1232 2097 vota
1262 2038 1300 2096 et
1329 2031 1427 2096 desi-

305 2137 405 2202 deria
426 2155 560 2218 magna
583 2155 662 2201 cum
680 2139 890 2201 reverentia
922 2147 957 2202 et
985 2138 1153 2202 absoluta
1183 2138 1431 2203 submissione

305 2246 525 2327 significare:
548 2245 714 2308 volumus
737 2245 903 2326 equidem
921 2253 958 2308 et
975 2245 1132 2308 maxime
1157 2255 1325 2326 optamus
1356 2244 1430 2309 cri-

302 2351 401 2414 brari
421 2353 578 2414 triticum
597 2351 633 2414 in
646 2353 742 2414 Area
756 2349 912 2432 Domini,
932 2357 971 2414 ut
994 2369 1147 2432 granum
1178 2369 1201 2413 a
1233 2352 1339 2432 palea
1366 2367 1428 2415 se-

303 2467 488 2533 cernatur,
504 2465 539 2518 ct
556 2458 607 2519 ita
622 2457 799 2538 affulgeat
815 2457 1020 2537 splendenti
1039 2457 1119 2521 luce
1136 2459 1274 2521 veritas
1301 2465 1339 2520 et
1368 2457 1429 2522 in·

302 2565 457 2644 tegritas
475 2563 570 2641 fidei,
590 2565 788 2645 positiones
807 2565 992 2646 utriusque
1008 2565 1123 2646 partis
1139 2567 1176 2628 in
1204 2565 1273 2628 hoe
1292 2583 1432 2646 magno

302 2669 502 2734 certamine
517 2669 768 2733 contendentis
796 2679 896 2733 recte
928 2671 1157 2752 deliniantur,
1186 2678 1222 2734 et
1249 2671 1429 2736 oatbolioi

299 2778 454 2859 simplici
487 2779 612 2841 obtutu
630 2797 653 2841 a
684 2778 940 2842 dissidentibus
968 2778 1029 2842 vol
1058 2778 1271 2844 acatholicis
1297 2780 1428 2844 distin·

296 2895 466 2963 guantur.

390 2991 505 3072 Urget
522 2991 673 3073 proinde
701 2991 861 3055 solemnis
892 2989 1075 3054 damnatio
1104 2990 1346 3069 Liberalismi,
1381 2997 1427 3055 ut

298 3115 410 3161 omne
426 3099 612 3178 effugium,
629 3097 811 3162 distinctio
829 3099 890 3161 rel
914 3099 1170 3180 tergiversatio
1188 3115 1338 3180 prorsus
1356 3099 1427 3163 tol·

300 3203 402 3266 latur
422 3206 577 3268 emedio
604 3206 791 3268 societatis
818 3204 1051 3286 christianum
1071 3211 1175 3287 urget
1191 3205 1338 3286 iusuper
1357 3223 1430 3288 pro

297 3307 421 3375 Domu
439 3311 554 3375 Israel
572 3313 737 3396 caplicita
755 3312 932 3393 professio
957 3311 1039 3374 fidei
1058 3312 1262 3377 catholicae
1290 3317 1423 3376 contra

297 3431 447 3480 errores
464 3417 692 3481 Liberalismi
710 3419 746 3481 in
765 3417 972 3480 muneribus
989 3417 1250 3483 ecclesiasticis
1283 3419 1420 3482 obeun-

297 3520 374 3601 dis,
394 3525 430 3585 in
457 3524 643 3586 canonicis
669 3522 924 3587 collationibus
951 3524 1203 3606 suscipiendis,
1239 3535 1347 3607 atque
1380 3525 1424 3588 in

295 3629 378 3693 illis
393 3631 557 3693 omuibus
576 3629 730 3711 publicis
746 3631 899 3710 actibus,
919 3630 955 3693 in
980 3632 1109 3712 quibus
1137 3632 1313 3713 ejusmodi
1341 3648 1428 3714 pro·

298 3738 457 3800 testatio
472 3736 516 3799 de
531 3737 614 3816 jure
631 3737 800 3818 exigitur,
816 3745 855 3800 ut
870 3737 905 3818 ii,
923 3739 1033 3819 quiin
1051 3745 1185 3802 sortem
1202 3739 1347 3803 Domini
1359 3756 1429 3802 vo·

302 3845 377 3907 cati
391 3851 428 3906 et
447 3845 642 3908 insacrum
661 3845 826 3908 militiam
850 3847 1023 3926 cooptati,
1058 3847 1229 3927 populum
1258 3845 1429 3909 christia-

300 3967 389 4012 num
409 3949 477 4012 fide
492 3951 707 4015 semoribus
724 3952 922 4014 informare
939 3951 1084 4033 debent,
1111 3955 1255 4035 penitus
1273 3969 1427 4016 arcean-

298 4060 359 4118 tur
391 4057 608 4135 gravissimo
647 4058 809 4139 periculo
836 4057 1068 4138 seductionis,
1103 4061 1321 4124 assentionis
1362 4061 1429 4123 vel

299 4164 577 4242 cooperationis
596 4165 631 4227 in
646 4181 805 4227 errorem
824 4169 886 4226 aut
901 4171 1093 4246 peccatum
1108 4165 1351 4245 Liberalismi;
1367 4183 1429 4230 ur·

301 4273 369 4348 get
386 4267 528 4331 demum
547 4286 613 4351 pro
630 4271 769 4334 cunctis
786 4269 951 4334 fidelibus
958 4273 1087 4357 jurato
1104 4275 1294 4355 promissio
1313 4273 1430 4337 omni-
