3030 4990
548 417 726 480 -117-

94 566 181 632 valet
205 584 291 632 cura
319 566 479 648 positiva
507 585 569 631 seu
588 566 797 633 ordinative
814 565 1016 649 roligionis,
1037 569 1200 632 attamen

94 674 152 738 duo
168 691 269 739 casus
286 674 493 758 excipiendi
512 677 607 757 sunt,
627 675 663 740 in
682 674 811 758 quibus
829 674 965 756 injusta
984 679 1080 740 esset
1096 691 1201 758 prae·

92 783 159 846 fata
170 782 318 846 duarum
333 787 555 865 potestatum
572 782 679 847 fusio:
697 781 722 866 ⁸)
739 801 811 846 non
829 783 1007 864 potuisset
1023 783 1122 846 solus
1135 800 1201 847 rex

92 889 326 970 pontificatum
355 889 515 972 abolere,
543 905 624 953 cum
636 888 696 971 J'us
728 889 868 972 regium
899 889 933 953 ei
951 893 1048 954 esset
1076 887 1201 954 datum

90 995 155 1075 jam
170 993 347 1060 divulsum
365 1013 387 1058 a
399 995 481 1076 jure
497 994 730 1075 sacerdotali;
747 993 773 1075 b)
787 995 816 1059 si
831 995 1001 1078 princeps
1014 995 1112 1076 justo
1126 993 1201 1060 bel·

93 1101 121 1164 lo
145 1101 208 1165 sibi
236 1101 435 1184 subjiceret
466 1102 639 1186 populum
668 1102 839 1184 aliquem,
859 1101 984 1185 inquo
1012 1101 1100 1166 ordo
1119 1102 1200 1167 reli·

94 1209 201 1289 glosus
224 1228 245 1272 a
274 1209 375 1274 civili
399 1210 476 1290 jam
500 1213 597 1274 esset
625 1209 830 1292 distinctus,
851 1210 928 1290 ejus
958 1209 1202 1274 sacerdotium

95 1316 226 1381 abolere
249 1318 432 1400 nequiret,
459 1335 540 1382 curn
566 1318 659 1382 haec
688 1317 819 1383 divisio
850 1317 1012 1400 legitime
1030 1317 1129 1382 facta
1147 1322 1203 1382 est

91 1423 161 1502 Jure
176 1425 347 1506 gentium,
363 1443 427 1489 seu
441 1425 524 1508 jure
538 1444 608 1508 quo
622 1424 811 1508 pollebant
824 1425 958 1507 singuli
973 1424 1098 1508 populi
1110 1424 1202 1489 haec

95 1528 275 1596 dividendi.
294 1532 389 1598 Hinc
405 1527 571 1598 videmud
596 1551 702 1616 reges
728 1537 764 1598 et
780 1533 1020 1616 imperatores
1038 1532 1202 1600 ethnicos

95 1639 234 1704 maxime
251 1657 400 1705 curasse
418 1657 457 1704 se
475 1638 633 1706 adscribi
648 1640 802 1724 collegio
817 1640 1062 1722 sacerdotum,
1078 1640 1203 1704 etiam·

94 1762 152 1826 qua
167 1746 202 1811 in
218 1765 376 1814 summos
394 1747 480 1831 eligi
496 1749 699 1831 pontifices,
714 1754 753 1813 ut
766 1749 818 1812 ita
835 1749 955 1814 omnia
970 1748 1017 1814 ad
1031 1765 1070 1814 ae
1083 1747 1202 1814 trabe·

94 1857 163 1918 rent
179 1859 213 1919 et
228 1874 332 1920 suam
350 1855 481 1939 agendi
498 1857 681 1922 rationem
696 1855 989 1922 cohonestarent.

167 1961 281 2044 HuJus
294 1963 552 2029 vinculationis
566 1964 754 2048 utriusque
767 1964 960 2048 potestatis
978 1963 1203 2029 notissimum

94 2070 284 2153 exemplum
309 2071 413 2136 nobis
442 2071 591 2136 exhibet
614 2071 724 2136 etiam
740 2071 898 2155 Populus
926 2071 1108 2137 Romanus
1136 2070 1203 2135 sub

93 2173 248 2260 imperim
267 2180 336 2244 etsi
365 2179 460 2244 enim
484 2179 653 2246 Pontifex
669 2179 848 2244 Maximus
873 2179 1071 2263 eligeretur
1087 2179 1124 2243 in
1144 2177 1202 2246 (io-

95 2285 188 2350 miiiis
214 2286 368 2352 Tribulis
386 2288 433 2371 (1)
448 2290 558 2371 atquo
576 2305 623 2353 ex
647 2305 796 2352 numero
825 2288 1047 2370 pontificum,
1067 2291 1201 2368 tamen,

95 2392 199 2457 occiso
224 2391 396 2476 Caesare,
414 2393 572 2478 Lepidus
601 2396 851 2478 pontificatum
882 2394 1077 2460 maximum
1102 2395 1204 2459 inva-

95 2497 143 2580 sit,
160 2513 194 2563 ot
210 2503 294 2583 post
310 2517 392 2565 eum
408 2501 592 2585 Augustus
609 2506 646 2568 at
673 2503 804 2586 reliqui
833 2502 1073 2585 imperatores
1091 2519 1204 2584 usque

96 2603 133 2666 ad
149 2601 359 2671 Gratianum
376 2607 438 2691 (2),
453 2609 515 2692 qui
527 2609 664 2692 primus
682 2609 839 2692 insignia
853 2611 890 2674 ct
904 2609 1046 2674 titulum
1059 2607 1203 2672 Pontifi-

97 2711 139 2776 cis
149 2711 292 2779 Maximi
309 2716 448 2798 rejecit.

172 2820 221 2885 3.⁰
268 2822 494 2888 sententiaa
512 2823 737 2907 principibus
756 2823 970 2907 abjudicans
988 2838 1130 2888 omnem
1144 2838 1204 2904 po-

98 2929 251 2994 testatem
280 2947 360 2995 sese
389 2930 544 3014 negotiis
574 2932 755 3015 religiosis
786 2928 1013 2995 immiscendi
1041 2929 1077 2992 in
1106 2930 1205 2992 statu

98 3051 206 3102 merae
221 3043 374 3103 naturae
392 3039 640 3122 propulsanda
665 3057 810 3122 quoque
833 3043 901 3120 est,
922 3037 1006 3120 quia
1022 3036 1205 3101 rationum

98 3151 264 3210 momenta
282 3147 328 3210 ab
353 3146 431 3227 ejus
447 3147 650 3210 fautoribus
675 3140 833 3210 addu'cta
850 3145 887 3209 vi
916 3143 1205 3208 demonstrativa

100 3257 221 3316 carent:
240 3252 311 3316 duo
339 3252 576 3317 fundamenta
604 3270 670 3334 pro
700 3270 765 3316 sua
795 3251 967 3336 opinione
984 3249 1205 3315 vindicanda

99 3356 257 3442 allegant,
275 3359 536 3425 fallibilitatem
552 3359 756 3443 principum
786 3364 822 3424 ct
839 3359 1068 3443 prioritatem
1085 3374 1204 3421 sacer-

100 3461 174 3528 dotii
189 3465 223 3532 in
240 3467 580 3550 patribusfamilias,
614 3466 678 3532 sed
695 3471 886 3550 utrumque
903 3467 1012 3549 plane
1025 3466 1141 3545 nutat,
1161 3480 1204 3527 eo

104 3638 269 3652 *⁸¹⁸*—

158 3771 193 3836 (l)
228 3771 272 3824 Ita
284 3770 378 3824 vocati
391 3775 458 3823 snut
471 3770 546 3838 apud
561 3771 704 3824 Romanos
723 3769 827 3821 Coetus
840 3782 857 3820 a
869 3765 1001 3820 Tribunis
1014 3768 1161 3820 convocati
1178 3769 1207 3818 et

99 3838 138 3904 qui
161 3856 208 3907 par
229 3841 332 3896 Tribus
345 3841 533 3904 habebantur,
548 3843 616 3894 dum
630 3841 735 3895 Coetus
749 3843 778 3892 in
791 3838 895 3906 quibus
906 3837 1033 3906 Populus
1046 3853 1097 3905 per
1107 3837 1206 3892 (iuriae

100 3912 317 3981 congregabatur,
328 3912 446 3967 Comitia
460 3911 575 3973 Curicta
588 3911 814 3981 appellabantur.

161 3987 195 4049 n)
231 3983 445 4047 murmannus,
460 3985 653 4052 Constantius,
668 3983 897 4046 Valentinianus,
912 3983 1028 4048 Valens,
1047 3983 1207 4047 caeterique

101 4051 268 4120 imperatores
276 4057 425 4110 christiani
437 4056 595 4109 rationibus
608 4056 731 4124 politicis
742 4055 862 4107 forsitan
870 4054 1082 4120 permoti,hunc
1092 4053 1206 4104 titulum

103 4137 169 4178 moro
189 4143 357 4194 paganorum
382 4133 539 4194 gesserunt.
553 4127 730 4180 Theodosius
746 4125 876 4180 Gratiani
901 4139 1049 4178 successor
1067 4124 1206 4176 bonorum

102 4196 214 4250 omnium
226 4203 310 4266 atquo
322 4199 494 4266 reddituum,
508 4213 581 4266 quaa
604 4198 789 4252 Pontificibus
802 4202 884 4248 crant
896 4197 1019 4263 addicta,
1032 4194 1207 4249 confiscatio·

104 4279 159 4345 nem
171 4267 297 4338 decrevit,
317 4271 539 4337 eorumdemque
552 4271 701 4341 collegium
716 4285 748 4322 ac
761 4272 880 4321 cunctos
894 4269 1060 4321 Sacerdotes
1073 4264 1207 4332 supersti-

105 4340 178 4393 tionis
190 4357 312 4409 paganae
325 4345 440 4411 penitus
453 4343 567 4395 delevit.
