<?xml version="1.0" encoding="UTF-8"?>
<!DOCTYPE html PUBLIC "-//W3C//DTD XHTML 1.0 Transitional//EN"
    "http://www.w3.org/TR/xhtml1/DTD/xhtml1-transitional.dtd">
<html xmlns="http://www.w3.org/1999/xhtml" xml:lang="en" lang="en">
 <head>
  <title>
</title>
<meta http-equiv="Content-Type" content="text/html;charset=utf-8" />
  <meta name='ocr-system' content='tesseract 3.04.00' />
  <meta name='ocr-capabilities' content='ocr_page ocr_carea ocr_par ocr_line ocrx_word'/>
</head>
<body>
  <div class='ocr_page' id='page_1' title='image "./juspublicumeccl01ferngoog_0207.png"; bbox 0 0 3024 4994; ppageno 0'>
   <div class='ocr_carea' id='block_1_1' title="bbox 699 387 876 448">
    <p class='ocr_par' dir='ltr' id='par_1_1' title="bbox 699 387 876 448">
     <span class='ocr_line' id='line_1_1' title="bbox 699 387 876 448; baseline 0.011 -2"><span class='ocrx_word' id='word_1_1' title='bbox 699 387 876 448; x_wconf 81' lang='lat' dir='ltr'><strong>-rse-</strong></span> 
     </span>
    </p>
   </div>
   <div class='ocr_carea' id='block_1_2' title="bbox 225 531 1359 1671">
    <p class='ocr_par' dir='ltr' id='par_1_2' title="bbox 226 531 1355 1046">
     <span class='ocr_line' id='line_1_2' title="bbox 228 531 1354 617; baseline 0 -19"><span class='ocrx_word' id='word_1_2' title='bbox 228 532 435 600; x_wconf 90' lang='lat' dir='ltr'><strong>clinabilem</strong></span> <span class='ocrx_word' id='word_1_3' title='bbox 453 536 634 616; x_wconf 78' lang='lat' dir='ltr'><strong>potestate</strong></span> <span class='ocrx_word' id='word_1_4' title='bbox 652 533 820 600; x_wconf 74' lang='lat' dir='ltr'><strong>coactiva</strong></span> <span class='ocrx_word' id='word_1_5' title='bbox 834 531 968 617; x_wconf 88' lang='lat' dir='ltr'><strong>utendi,</strong></span> <span class='ocrx_word' id='word_1_6' title='bbox 986 531 1240 600; x_wconf 87' lang='lat' dir='ltr'><strong>verumetiam</strong></span> <span class='ocrx_word' id='word_1_7' title='bbox 1270 532 1354 598; x_wconf 87' lang='lat' dir='ltr'><strong>lon·</strong></span> 
     </span>
     <span class='ocr_line' id='line_1_3' title="bbox 228 639 1354 724; baseline 0.002 -20"><span class='ocrx_word' id='word_1_8' title='bbox 228 657 273 724; x_wconf 82' lang='lat' dir='ltr'><strong>go</strong></span> <span class='ocrx_word' id='word_1_9' title='bbox 291 640 517 706; x_wconf 89' lang='lat' dir='ltr'><strong>saeculorum</strong></span> <span class='ocrx_word' id='word_1_10' title='bbox 538 643 669 722; x_wconf 87' lang='lat' dir='ltr'><strong>tractu,</strong></span> <span class='ocrx_word' id='word_1_11' title='bbox 688 639 785 723; x_wconf 91' lang='lat' dir='ltr'><strong>apud</strong></span> <span class='ocrx_word' id='word_1_12' title='bbox 803 655 927 704; x_wconf 85' lang='lat' dir='ltr'><strong>omnes</strong></span> <span class='ocrx_word' id='word_1_13' title='bbox 943 643 1084 722; x_wconf 84' lang='lat' dir='ltr'><strong>gentes,</strong></span> <span class='ocrx_word' id='word_1_14' title='bbox 1112 657 1235 704; x_wconf 89' lang='lat' dir='ltr'><strong>coram</strong></span> <span class='ocrx_word' id='word_1_15' title='bbox 1251 641 1354 724; x_wconf 83' lang='lat' dir='ltr'><strong>regi-</strong></span> 
     </span>
     <span class='ocr_line' id='line_1_4' title="bbox 227 745 1354 832; baseline 0 -20"><span class='ocrx_word' id='word_1_16' title='bbox 227 747 293 814; x_wconf 90' lang='lat' dir='ltr'><strong>bus</strong></span> <span class='ocrx_word' id='word_1_17' title='bbox 311 755 347 814; x_wconf 94' lang='lat' dir='ltr'><strong>et</strong></span> <span class='ocrx_word' id='word_1_18' title='bbox 370 747 606 832; x_wconf 87' lang='lat' dir='ltr'><strong>principibus,</strong></span> <span class='ocrx_word' id='word_1_19' title='bbox 641 755 771 812; x_wconf 88' lang='lat' dir='ltr'><strong>contra</strong></span> <span class='ocrx_word' id='word_1_20' title='bbox 802 765 1049 831; x_wconf 87' lang='lat' dir='ltr'><strong>quoscumque</strong></span> <span class='ocrx_word' id='word_1_21' title='bbox 1079 745 1354 830; x_wconf 80' lang='lat' dir='ltr'><strong>delinquentes,</strong></span> 
     </span>
     <span class='ocr_line' id='line_1_5' title="bbox 226 855 1355 938; baseline 0.001 -18"><span class='ocrx_word' id='word_1_22' title='bbox 226 855 346 938; x_wconf 79' lang='lat' dir='ltr'><strong>legum</strong></span> <span class='ocrx_word' id='word_1_23' title='bbox 365 857 564 922; x_wconf 84' lang='lat' dir='ltr'><strong>violatores</strong></span> <span class='ocrx_word' id='word_1_24' title='bbox 582 856 641 922; x_wconf 91' lang='lat' dir='ltr'><strong>vel</strong></span> <span class='ocrx_word' id='word_1_25' title='bbox 658 855 859 921; x_wconf 81' lang='lat' dir='ltr'><strong>sceleratos</strong></span> <span class='ocrx_word' id='word_1_26' title='bbox 873 855 1036 920; x_wconf 88' lang='lat' dir='ltr'><strong>homines</strong></span> <span class='ocrx_word' id='word_1_27' title='bbox 1054 855 1264 921; x_wconf 82' lang='lat' dir='ltr'><strong>facultatem</strong></span> <span class='ocrx_word' id='word_1_28' title='bbox 1282 873 1355 938; x_wconf 85' lang='lat' dir='ltr'><strong>pu-</strong></span> 
     </span>
     <span class='ocr_line' id='line_1_6' title="bbox 227 960 1061 1046; baseline 0 -20"><span class='ocrx_word' id='word_1_29' title='bbox 227 963 380 1028; x_wconf 90' lang='lat' dir='ltr'><strong>nitivam</strong></span> <span class='ocrx_word' id='word_1_30' title='bbox 400 963 507 1046; x_wconf 91' lang='lat' dir='ltr'><strong>plene</strong></span> <span class='ocrx_word' id='word_1_31' title='bbox 525 970 561 1027; x_wconf 90' lang='lat' dir='ltr'><strong>ot</strong></span> <span class='ocrx_word' id='word_1_32' title='bbox 578 960 866 1046; x_wconf 87' lang='lat' dir='ltr'><strong>independenter</strong></span> <span class='ocrx_word' id='word_1_33' title='bbox 884 961 1061 1028; x_wconf 84' lang='lat' dir='ltr'><strong>exercuit.</strong></span> 
     </span>
    </p>

    <p class='ocr_par' dir='ltr' id='par_1_3' title="bbox 225 1069 1359 1671">
     <span class='ocr_line' id='line_1_7' title="bbox 315 1069 1357 1158; baseline 0.002 -24"><span class='ocrx_word' id='word_1_34' title='bbox 315 1069 429 1154; x_wconf 82' lang='lat' dir='ltr'><strong>Igitur</strong></span> <span class='ocrx_word' id='word_1_35' title='bbox 447 1070 507 1136; x_wconf 88' lang='lat' dir='ltr'><strong>vel</strong></span> <span class='ocrx_word' id='word_1_36' title='bbox 524 1070 742 1151; x_wconf 89' lang='lat' dir='ltr'><strong>rejiciendus</strong></span> <span class='ocrx_word' id='word_1_37' title='bbox 757 1077 812 1135; x_wconf 90' lang='lat' dir='ltr'><strong>est</strong></span> <span class='ocrx_word' id='word_1_38' title='bbox 829 1075 1028 1153; x_wconf 86' lang='lat' dir='ltr'><strong>conceptus</strong></span> <span class='ocrx_word' id='word_1_39' title='bbox 1037 1071 1218 1158; x_wconf 77' lang='lat' dir='ltr'><strong>juridicus</strong></span> <span class='ocrx_word' id='word_1_40' title='bbox 1234 1071 1357 1136; x_wconf 86' lang='lat' dir='ltr'><strong>socie-</strong></span> 
     </span>
     <span class='ocr_line' id='line_1_8' title="bbox 228 1175 1358 1260; baseline -0.002 -15"><span class='ocrx_word' id='word_1_41' title='bbox 228 1179 315 1245; x_wconf 86' lang='lat' dir='ltr'><strong>tatis</strong></span> <span class='ocrx_word' id='word_1_42' title='bbox 334 1177 570 1258; x_wconf 87' lang='lat' dir='ltr'><strong>christianae;</strong></span> <span class='ocrx_word' id='word_1_43' title='bbox 589 1177 649 1242; x_wconf 88' lang='lat' dir='ltr'><strong>vel</strong></span> <span class='ocrx_word' id='word_1_44' title='bbox 680 1176 865 1260; x_wconf 86' lang='lat' dir='ltr'><strong>Apostolis</strong></span> <span class='ocrx_word' id='word_1_45' title='bbox 898 1177 1039 1242; x_wconf 89' lang='lat' dir='ltr'><strong>crimini</strong></span> <span class='ocrx_word' id='word_1_46' title='bbox 1071 1175 1250 1244; x_wconf 86' lang='lat' dir='ltr'><strong>vertenda</strong></span> <span class='ocrx_word' id='word_1_47' title='bbox 1281 1197 1358 1243; x_wconf 82' lang='lat' dir='ltr'><strong>saa</strong></span> 
     </span>
     <span class='ocr_line' id='line_1_9' title="bbox 225 1283 1356 1372; baseline -0.002 -20"><span class='ocrx_word' id='word_1_48' title='bbox 225 1285 350 1372; x_wconf 78' lang='lat' dir='ltr'><strong>spondi</strong></span> <span class='ocrx_word' id='word_1_49' title='bbox 366 1287 470 1365; x_wconf 68' lang='lat' dir='ltr'><strong>ratim</strong></span> <span class='ocrx_word' id='word_1_50' title='bbox 486 1284 545 1348; x_wconf 89' lang='lat' dir='ltr'><strong>vel</strong></span> <span class='ocrx_word' id='word_1_51' title='bbox 559 1283 713 1349; x_wconf 82' lang='lat' dir='ltr'><strong>inficiari</strong></span> <span class='ocrx_word' id='word_1_52' title='bbox 726 1301 876 1350; x_wconf 89' lang='lat' dir='ltr'><strong>necesse</strong></span> <span class='ocrx_word' id='word_1_53' title='bbox 893 1289 948 1350; x_wconf 91' lang='lat' dir='ltr'><strong>est</strong></span> <span class='ocrx_word' id='word_1_54' title='bbox 961 1283 1151 1350; x_wconf 83' lang='lat' dir='ltr'><strong>Ecclesiae</strong></span> <span class='ocrx_word' id='word_1_55' title='bbox 1167 1283 1356 1370; x_wconf 73' lang='lat' dir='ltr'><strong>[ascititi-</strong></span> 
     </span>
     <span class='ocr_line' id='line_1_10' title="bbox 225 1391 1358 1476; baseline -0.001 -18"><span class='ocrx_word' id='word_1_56' title='bbox 225 1393 357 1458; x_wconf 80' lang='lat' dir='ltr'><strong>litatem</strong></span> <span class='ocrx_word' id='word_1_57' title='bbox 374 1397 411 1457; x_wconf 88' lang='lat' dir='ltr'><strong>et</strong></span> <span class='ocrx_word' id='word_1_58' title='bbox 423 1391 662 1472; x_wconf 62' lang='lat' dir='ltr'><strong>sanctitatem</strong></span> <span class='ocrx_word' id='word_1_59' title='bbox 677 1392 736 1457; x_wconf 88' lang='lat' dir='ltr'><strong>vel</strong></span> <span class='ocrx_word' id='word_1_60' title='bbox 750 1392 796 1458; x_wconf 89' lang='lat' dir='ltr'><strong>ab</strong></span> <span class='ocrx_word' id='word_1_61' title='bbox 813 1392 978 1458; x_wconf 89' lang='lat' dir='ltr'><strong>omnibus</strong></span> <span class='ocrx_word' id='word_1_62' title='bbox 991 1391 1225 1476; x_wconf 82' lang='lat' dir='ltr'><strong>agnoscenda</strong></span> <span class='ocrx_word' id='word_1_63' title='bbox 1238 1397 1358 1474; x_wconf 86' lang='lat' dir='ltr'><strong>atque</strong></span> 
     </span>
     <span class='ocr_line' id='line_1_11' title="bbox 225 1499 1359 1583; baseline -0.003 -17"><span class='ocrx_word' id='word_1_64' title='bbox 225 1499 376 1566; x_wconf 85' lang='lat' dir='ltr'><strong>fatenda</strong></span> <span class='ocrx_word' id='word_1_65' title='bbox 394 1499 471 1581; x_wconf 78' lang='lat' dir='ltr'><strong>ejus</strong></span> <span class='ocrx_word' id='word_1_66' title='bbox 487 1499 674 1566; x_wconf 81' lang='lat' dir='ltr'><strong>coercitiva</strong></span> <span class='ocrx_word' id='word_1_67' title='bbox 691 1503 855 1582; x_wconf 90' lang='lat' dir='ltr'><strong>potestas</strong></span> <span class='ocrx_word' id='word_1_68' title='bbox 875 1500 977 1565; x_wconf 88' lang='lat' dir='ltr'><strong>velut</strong></span> <span class='ocrx_word' id='word_1_69' title='bbox 993 1501 1216 1583; x_wconf 88' lang='lat' dir='ltr'><strong>necessaria,</strong></span> <span class='ocrx_word' id='word_1_70' title='bbox 1250 1499 1359 1564; x_wconf 84' lang='lat' dir='ltr'><strong>utilis</strong></span> 
     </span>
     <span class='ocr_line' id='line_1_12' title="bbox 226 1605 466 1671; baseline -0.017 0"><span class='ocrx_word' id='word_1_71' title='bbox 226 1609 262 1671; x_wconf 89' lang='lat' dir='ltr'><strong>et</strong></span> <span class='ocrx_word' id='word_1_72' title='bbox 278 1605 466 1670; x_wconf 85' lang='lat' dir='ltr'><strong>salutarie.</strong></span> 
     </span>
    </p>
   </div>
   <div class='ocr_carea' id='block_1_3' title="bbox 622 1857 1022 1946">
    <p class='ocr_par' dir='ltr' id='par_1_4' title="bbox 622 1857 1022 1946">
     <span class='ocr_line' id='line_1_13' title="bbox 622 1857 1022 1946; baseline 0.01 -4"><span class='ocrx_word' id='word_1_73' title='bbox 622 1877 884 1946; x_wconf 70' lang='lat' dir='ltr'><strong>laricanus</strong></span> <span class='ocrx_word' id='word_1_74' title='bbox 908 1879 970 1946; x_wconf 89' lang='lat' dir='ltr'><strong>rv.</strong></span> <span class='ocrx_word' id='word_1_75' title='bbox 1016 1857 1022 1866; x_wconf 85' lang='lat'>&#39;</span> 
     </span>
    </p>
   </div>
   <div class='ocr_carea' id='block_1_4' title="bbox 671 2105 910 2158">
    <p class='ocr_par' dir='ltr' id='par_1_5' title="bbox 671 2105 910 2158">
     <span class='ocr_line' id='line_1_14' title="bbox 671 2105 910 2158; baseline 0 0"><span class='ocrx_word' id='word_1_76' title='bbox 671 2105 910 2158; x_wconf 72' lang='lat' dir='ltr'><strong>summanum.</strong></span> 
     </span>
    </p>
   </div>
   <div class='ocr_carea' id='block_1_5' title="bbox 229 2281 1362 2784">
    <p class='ocr_par' dir='ltr' id='par_1_6' title="bbox 229 2281 1362 2784">
     <span class='ocr_line' id='line_1_15' title="bbox 229 2281 1360 2343; baseline -0.006 0"><span class='ocrx_word' id='word_1_77' title='bbox 229 2289 285 2343; x_wconf 76' lang='grc'>106.</span> <span class='ocrx_word' id='word_1_78' title='bbox 305 2287 416 2342; x_wconf 81' lang='lat' dir='ltr'><strong>Tertius</strong></span> <span class='ocrx_word' id='word_1_79' title='bbox 430 2287 583 2340; x_wconf 81' lang='lat' dir='ltr'><strong>character:</strong></span> <span class='ocrx_word' id='word_1_80' title='bbox 599 2285 731 2342; x_wconf 81' lang='lat' dir='ltr'><strong>Potestas</strong></span> <span class='ocrx_word' id='word_1_81' title='bbox 744 2288 889 2342; x_wconf 82' lang='lat' dir='ltr'><strong>Ecclesiae</strong></span> <span class='ocrx_word' id='word_1_82' title='bbox 904 2285 1009 2340; x_wconf 73' lang='lat' dir='ltr'><strong>Panas</strong></span> <span class='ocrx_word' id='word_1_83' title='bbox 1023 2287 1174 2341; x_wconf 81' lang='lat' dir='ltr'><strong>est-107.</strong></span> <span class='ocrx_word' id='word_1_84' title='bbox 1193 2285 1277 2338; x_wconf 85' lang='lat' dir='ltr'><strong>Notio</strong></span> <span class='ocrx_word' id='word_1_85' title='bbox 1290 2281 1360 2337; x_wconf 69' lang='lat' dir='ltr'><strong>Ple</strong></span> 
     </span>
     <span class='ocr_line' id='line_1_16' title="bbox 296 2356 1360 2412; baseline -0.002 0"><span class='ocrx_word' id='word_1_86' title='bbox 296 2360 542 2412; x_wconf 78' lang='lat' dir='ltr'><strong>mitudinis-¹08.</strong></span> <span class='ocrx_word' id='word_1_87' title='bbox 574 2359 631 2412; x_wconf 83' lang='lat' dir='ltr'><strong>Res</strong></span> <span class='ocrx_word' id='word_1_88' title='bbox 651 2360 968 2412; x_wconf 77' lang='lat' dir='ltr'><strong>ecclesiasticae-109.</strong></span> <span class='ocrx_word' id='word_1_89' title='bbox 996 2359 1100 2411; x_wconf 85' lang='lat' dir='ltr'><strong>Earum</strong></span> <span class='ocrx_word' id='word_1_90' title='bbox 1134 2356 1360 2410; x_wconf 79' lang='lat' dir='ltr'><strong>divisio-110.</strong></span> 
     </span>
     <span class='ocr_line' id='line_1_17' title="bbox 297 2427 1361 2498; baseline 0.001 -18"><span class='ocrx_word' id='word_1_91' title='bbox 297 2429 475 2498; x_wconf 84' lang='lat' dir='ltr'><strong>Quotuplicls</strong></span> <span class='ocrx_word' id='word_1_92' title='bbox 489 2431 600 2496; x_wconf 81' lang='lat' dir='ltr'><strong>generis</strong></span> <span class='ocrx_word' id='word_1_93' title='bbox 615 2433 727 2498; x_wconf 85' lang='lat' dir='ltr'><strong>possint</strong></span> <span class='ocrx_word' id='word_1_94' title='bbox 739 2445 803 2484; x_wconf 85' lang='lat' dir='ltr'><strong>csse</strong></span> <span class='ocrx_word' id='word_1_95' title='bbox 816 2447 861 2484; x_wconf 75' lang='lat' dir='ltr'><strong>res</strong></span> <span class='ocrx_word' id='word_1_96' title='bbox 874 2427 1139 2498; x_wconf 69' lang='lat' dir='ltr'><strong>spirituales-111.</strong></span> <span class='ocrx_word' id='word_1_97' title='bbox 1161 2429 1264 2482; x_wconf 78' lang='lat' dir='ltr'><strong>lterum</strong></span> <span class='ocrx_word' id='word_1_98' title='bbox 1287 2429 1361 2481; x_wconf 71' lang='lat' dir='ltr'><strong>tem-</strong></span> 
     </span>
     <span class='ocr_line' id='line_1_18' title="bbox 292 2499 1361 2570; baseline -0.002 -16"><span class='ocrx_word' id='word_1_99' title='bbox 292 2501 431 2568; x_wconf 81' lang='lat' dir='ltr'><strong>poralium</strong></span> <span class='ocrx_word' id='word_1_100' title='bbox 445 2502 667 2568; x_wconf 77' lang='lat' dir='ltr'><strong>partitio-tlt.</strong></span> <span class='ocrx_word' id='word_1_101' title='bbox 691 2503 888 2555; x_wconf 76' lang='lat' dir='ltr'><strong>Errorescircs</strong></span> <span class='ocrx_word' id='word_1_102' title='bbox 901 2499 1032 2568; x_wconf 80' lang='lat' dir='ltr'><strong>objectum</strong></span> <span class='ocrx_word' id='word_1_103' title='bbox 1052 2501 1202 2570; x_wconf 85' lang='lat' dir='ltr'><strong>potestatis</strong></span> <span class='ocrx_word' id='word_1_104' title='bbox 1218 2499 1361 2565; x_wconf 78' lang='lat' dir='ltr'><strong>legislati-</strong></span> 
     </span>
     <span class='ocr_line' id='line_1_19' title="bbox 297 2570 1360 2644; baseline -0.002 -18"><span class='ocrx_word' id='word_1_105' title='bbox 297 2577 411 2626; x_wconf 84' lang='lat' dir='ltr'><strong>vas.-·l</strong></span> <span class='ocrx_word' id='word_1_106' title='bbox 422 2577 459 2627; x_wconf 78' lang='grc' dir='ltr'><strong>ὶ3.</strong></span> <span class='ocrx_word' id='word_1_107' title='bbox 473 2573 625 2636; x_wconf 83' lang='lat' dir='ltr'><strong>Quantitas</strong></span> <span class='ocrx_word' id='word_1_108' title='bbox 637 2575 787 2641; x_wconf 84' lang='lat' dir='ltr'><strong>potestatis</strong></span> <span class='ocrx_word' id='word_1_109' title='bbox 795 2573 926 2644; x_wconf 68' lang='lat' dir='ltr'><strong>tepescant</strong></span> <span class='ocrx_word' id='word_1_110' title='bbox 936 2575 1079 2626; x_wconf 81' lang='lat' dir='ltr'><strong>Ecclesiae</strong></span> <span class='ocrx_word' id='word_1_111' title='bbox 1086 2575 1169 2640; x_wconf 84' lang='lat' dir='ltr'><strong>juxta</strong></span> <span class='ocrx_word' id='word_1_112' title='bbox 1180 2570 1360 2624; x_wconf 78' lang='lat' dir='ltr'><strong>catholicam</strong></span> 
     </span>
     <span class='ocr_line' id='line_1_20' title="bbox 297 2642 1362 2712; baseline -0.003 -15"><span class='ocrx_word' id='word_1_113' title='bbox 297 2645 512 2698; x_wconf 75' lang='lat' dir='ltr'><strong>doctrinam-l</strong></span> <span class='ocrx_word' id='word_1_114' title='bbox 523 2651 561 2696; x_wconf 82' lang='lat' dir='ltr'><strong>ll.</strong></span> <span class='ocrx_word' id='word_1_115' title='bbox 577 2647 701 2712; x_wconf 82' lang='lat' dir='ltr'><strong>Regulae</strong></span> <span class='ocrx_word' id='word_1_116' title='bbox 714 2645 1021 2712; x_wconf 77' lang='lat' dir='ltr'><strong>dogmatico-juridicos</strong></span> <span class='ocrx_word' id='word_1_117' title='bbox 1035 2645 1071 2696; x_wconf 89' lang='lat' dir='ltr'><strong>ad</strong></span> <span class='ocrx_word' id='word_1_118' title='bbox 1084 2642 1239 2696; x_wconf 87' lang='lat' dir='ltr'><strong>liniendam</strong></span> <span class='ocrx_word' id='word_1_119' title='bbox 1252 2648 1362 2696; x_wconf 77' lang='lat' dir='ltr'><strong>exten-</strong></span> 
     </span>
     <span class='ocr_line' id='line_1_21' title="bbox 295 2715 1182 2784; baseline 0 -16"><span class='ocrx_word' id='word_1_120' title='bbox 295 2718 406 2769; x_wconf 84' lang='lat' dir='ltr'><strong>sionem</strong></span> <span class='ocrx_word' id='word_1_121' title='bbox 423 2716 634 2770; x_wconf 84' lang='lat' dir='ltr'><strong>ecclesiasticae</strong></span> <span class='ocrx_word' id='word_1_122' title='bbox 647 2717 797 2784; x_wconf 84' lang='lat' dir='ltr'><strong>potestatis</strong></span> <span class='ocrx_word' id='word_1_123' title='bbox 812 2717 905 2784; x_wconf 84' lang='lat' dir='ltr'><strong>quoad</strong></span> <span class='ocrx_word' id='word_1_124' title='bbox 919 2719 996 2784; x_wconf 79' lang='lat' dir='ltr'><strong>leges</strong></span> <span class='ocrx_word' id='word_1_125' title='bbox 1009 2715 1182 2770; x_wconf 86' lang='lat' dir='ltr'><strong>condendas.</strong></span> 
     </span>
    </p>
   </div>
   <div class='ocr_carea' id='block_1_6' title="bbox 223 2895 1365 4369">
    <p class='ocr_par' dir='ltr' id='par_1_7' title="bbox 223 2895 1362 3408">
     <span class='ocr_line' id='line_1_22' title="bbox 317 2895 1360 2976; baseline -0.002 -16"><span class='ocrx_word' id='word_1_126' title='bbox 317 2897 390 2962; x_wconf 89' lang='grc'><strong>106.</strong></span> <span class='ocrx_word' id='word_1_127' title='bbox 437 2896 579 2961; x_wconf 86' lang='lat' dir='ltr'><strong>Tertius</strong></span> <span class='ocrx_word' id='word_1_128' title='bbox 609 2895 805 2961; x_wconf 87' lang='lat' dir='ltr'><strong>Potestetis</strong></span> <span class='ocrx_word' id='word_1_129' title='bbox 828 2895 1111 2962; x_wconf 87' lang='lat' dir='ltr'><strong>Ecclesiasticae</strong></span> <span class='ocrx_word' id='word_1_130' title='bbox 1141 2896 1360 2976; x_wconf 86' lang='lat' dir='ltr'><strong>character,</strong></span> 
     </span>
     <span class='ocr_line' id='line_1_23' title="bbox 223 2999 1360 3086; baseline -0.001 -19"><span class='ocrx_word' id='word_1_131' title='bbox 223 3003 329 3084; x_wconf 86' lang='lat' dir='ltr'><strong>juxta</strong></span> <span class='ocrx_word' id='word_1_132' title='bbox 358 3003 520 3068; x_wconf 89' lang='lat' dir='ltr'><strong>ordinem</strong></span> <span class='ocrx_word' id='word_1_133' title='bbox 539 3002 752 3086; x_wconf 82' lang='lat' dir='ltr'><strong>praefixum,</strong></span> <span class='ocrx_word' id='word_1_134' title='bbox 771 3003 993 3069; x_wconf 82' lang='lat' dir='ltr'><strong>Pnnrrrnuno</strong></span> <span class='ocrx_word' id='word_1_135' title='bbox 1007 3009 1063 3068; x_wconf 86' lang='lat' dir='ltr'><strong>cst</strong></span> <span class='ocrx_word' id='word_1_136' title='bbox 1079 2999 1278 3084; x_wconf 69' lang='lat' dir='ltr'><strong>(Quiump</strong></span> <span class='ocrx_word' id='word_1_137' title='bbox 1294 3017 1360 3066; x_wconf 88' lang='lat' dir='ltr'><strong>re·</strong></span> 
     </span>
     <span class='ocr_line' id='line_1_24' title="bbox 227 3110 1361 3194; baseline 0 -20"><span class='ocrx_word' id='word_1_138' title='bbox 227 3115 286 3174; x_wconf 88' lang='lat' dir='ltr'><strong>cta</strong></span> <span class='ocrx_word' id='word_1_139' title='bbox 304 3110 409 3192; x_wconf 89' lang='lat' dir='ltr'><strong>hujus</strong></span> <span class='ocrx_word' id='word_1_140' title='bbox 423 3110 648 3175; x_wconf 89' lang='lat' dir='ltr'><strong>characteris</strong></span> <span class='ocrx_word' id='word_1_141' title='bbox 666 3111 844 3193; x_wconf 87' lang='lat' dir='ltr'><strong>expositio</strong></span> <span class='ocrx_word' id='word_1_142' title='bbox 864 3111 985 3194; x_wconf 83' lang='lat' dir='ltr'><strong>magni</strong></span> <span class='ocrx_word' id='word_1_143' title='bbox 1003 3113 1155 3176; x_wconf 87' lang='lat' dir='ltr'><strong>interest</strong></span> <span class='ocrx_word' id='word_1_144' title='bbox 1183 3126 1247 3193; x_wconf 93' lang='lat' dir='ltr'><strong>pro</strong></span> <span class='ocrx_word' id='word_1_145' title='bbox 1265 3125 1361 3174; x_wconf 83' lang='lat' dir='ltr'><strong>con-</strong></span> 
     </span>
     <span class='ocr_line' id='line_1_25' title="bbox 226 3216 1362 3301; baseline 0.004 -21"><span class='ocrx_word' id='word_1_146' title='bbox 226 3217 413 3282; x_wconf 85' lang='lat' dir='ltr'><strong>stitutione</strong></span> <span class='ocrx_word' id='word_1_147' title='bbox 441 3217 628 3283; x_wconf 85' lang='lat' dir='ltr'><strong>Ecclesiae</strong></span> <span class='ocrx_word' id='word_1_148' title='bbox 656 3217 725 3282; x_wconf 90' lang='lat' dir='ltr'><strong>rite</strong></span> <span class='ocrx_word' id='word_1_149' title='bbox 735 3218 978 3301; x_wconf 83' lang='lat' dir='ltr'><strong>agnoscenda,</strong></span> <span class='ocrx_word' id='word_1_150' title='bbox 989 3219 1140 3301; x_wconf 90' lang='lat' dir='ltr'><strong>ejusque</strong></span> <span class='ocrx_word' id='word_1_151' title='bbox 1163 3216 1362 3284; x_wconf 85' lang='lat' dir='ltr'><strong>essentiali</strong></span> 
     </span>
     <span class='ocr_line' id='line_1_26' title="bbox 227 3324 1019 3408; baseline -0.001 -19"><span class='ocrx_word' id='word_1_152' title='bbox 227 3329 408 3406; x_wconf 85' lang='lat' dir='ltr'><strong>potestate</strong></span> <span class='ocrx_word' id='word_1_153' title='bbox 425 3324 582 3408; x_wconf 91' lang='lat' dir='ltr'><strong>simplici</strong></span> <span class='ocrx_word' id='word_1_154' title='bbox 598 3324 729 3388; x_wconf 89' lang='lat' dir='ltr'><strong>intuitu</strong></span> <span class='ocrx_word' id='word_1_155' title='bbox 748 3324 1019 3408; x_wconf 88' lang='lat' dir='ltr'><strong>conspicienda.</strong></span> 
     </span>
    </p>

    <p class='ocr_par' dir='ltr' id='par_1_8' title="bbox 226 3430 1362 4048">
     <span class='ocr_line' id='line_1_27' title="bbox 316 3430 1361 3515; baseline 0 -20"><span class='ocrx_word' id='word_1_156' title='bbox 316 3431 357 3496; x_wconf 90' lang='lat' dir='ltr'><strong>In</strong></span> <span class='ocrx_word' id='word_1_157' title='bbox 370 3431 495 3514; x_wconf 86' lang='lat' dir='ltr'><strong>primis</strong></span> <span class='ocrx_word' id='word_1_158' title='bbox 520 3431 615 3496; x_wconf 92' lang='lat' dir='ltr'><strong>enim</strong></span> <span class='ocrx_word' id='word_1_159' title='bbox 633 3431 752 3514; x_wconf 87' lang='lat' dir='ltr'><strong>agitur</strong></span> <span class='ocrx_word' id='word_1_160' title='bbox 771 3449 867 3496; x_wconf 90' lang='lat' dir='ltr'><strong>nunc</strong></span> <span class='ocrx_word' id='word_1_161' title='bbox 880 3431 924 3498; x_wconf 90' lang='lat' dir='ltr'><strong>de</strong></span> <span class='ocrx_word' id='word_1_162' title='bbox 941 3431 1156 3515; x_wconf 91' lang='lat' dir='ltr'><strong>inquirendo</strong></span> <span class='ocrx_word' id='word_1_163' title='bbox 1188 3449 1232 3496; x_wconf 85' lang='lat' dir='ltr'><strong>ac</strong></span> <span class='ocrx_word' id='word_1_164' title='bbox 1264 3430 1361 3495; x_wconf 85' lang='lat' dir='ltr'><strong>defi·</strong></span> 
     </span>
     <span class='ocr_line' id='line_1_28' title="bbox 226 3537 1361 3623; baseline -0.001 -19"><span class='ocrx_word' id='word_1_165' title='bbox 226 3540 358 3605; x_wconf 91' lang='lat' dir='ltr'><strong>niendo</strong></span> <span class='ocrx_word' id='word_1_166' title='bbox 376 3539 518 3622; x_wconf 87' lang='lat' dir='ltr'><strong>objecto</strong></span> <span class='ocrx_word' id='word_1_167' title='bbox 533 3537 693 3622; x_wconf 90' lang='lat' dir='ltr'><strong>proprio,</strong></span> <span class='ocrx_word' id='word_1_168' title='bbox 723 3539 935 3623; x_wconf 89' lang='lat' dir='ltr'><strong>circaquod</strong></span> <span class='ocrx_word' id='word_1_169' title='bbox 967 3540 1111 3604; x_wconf 86' lang='lat' dir='ltr'><strong>versari</strong></span> <span class='ocrx_word' id='word_1_170' title='bbox 1144 3542 1262 3622; x_wconf 90' lang='lat' dir='ltr'><strong>potest</strong></span> <span class='ocrx_word' id='word_1_171' title='bbox 1293 3555 1361 3603; x_wconf 88' lang='lat' dir='ltr'><strong>su·</strong></span> 
     </span>
     <span class='ocr_line' id='line_1_29' title="bbox 226 3644 1362 3730; baseline 0.001 -20"><span class='ocrx_word' id='word_1_172' title='bbox 226 3664 352 3727; x_wconf 88' lang='lat' dir='ltr'><strong>prema</strong></span> <span class='ocrx_word' id='word_1_173' title='bbox 374 3645 562 3710; x_wconf 87' lang='lat' dir='ltr'><strong>Ecclesiae</strong></span> <span class='ocrx_word' id='word_1_174' title='bbox 591 3644 802 3728; x_wconf 65' lang='lat' dir='ltr'><strong>auctoritati,</strong></span> <span class='ocrx_word' id='word_1_175' title='bbox 823 3647 875 3710; x_wconf 87' lang='lat' dir='ltr'><strong>ita</strong></span> <span class='ocrx_word' id='word_1_176' title='bbox 894 3651 931 3727; x_wconf 86' lang='lat' dir='ltr'><strong>ut</strong></span> <span class='ocrx_word' id='word_1_177' title='bbox 949 3651 1048 3712; x_wconf 87' lang='lat' dir='ltr'><strong>certe</strong></span> <span class='ocrx_word' id='word_1_178' title='bbox 1068 3651 1216 3730; x_wconf 90' lang='lat' dir='ltr'><strong>tutoque</strong></span> <span class='ocrx_word' id='word_1_179' title='bbox 1245 3662 1362 3728; x_wconf 90' lang='lat' dir='ltr'><strong>prae·</strong></span> 
     </span>
     <span class='ocr_line' id='line_1_30' title="bbox 226 3751 1361 3838; baseline 0.002 -22"><span class='ocrx_word' id='word_1_180' title='bbox 226 3753 423 3816; x_wconf 85' lang='lat' dir='ltr'><strong>stituantur</strong></span> <span class='ocrx_word' id='word_1_181' title='bbox 436 3751 525 3816; x_wconf 88' lang='lat' dir='ltr'><strong>fines</strong></span> <span class='ocrx_word' id='word_1_182' title='bbox 544 3751 754 3835; x_wconf 85' lang='lat' dir='ltr'><strong>necessarii,</strong></span> <span class='ocrx_word' id='word_1_183' title='bbox 774 3752 871 3817; x_wconf 87' lang='lat' dir='ltr'><strong>intra</strong></span> <span class='ocrx_word' id='word_1_184' title='bbox 889 3771 976 3835; x_wconf 89' lang='lat' dir='ltr'><strong>quos</strong></span> <span class='ocrx_word' id='word_1_185' title='bbox 995 3758 1149 3836; x_wconf 90' lang='lat' dir='ltr'><strong>utraque</strong></span> <span class='ocrx_word' id='word_1_186' title='bbox 1173 3756 1361 3838; x_wconf 75' lang='lat' dir='ltr'><strong>potestate,</strong></span> 
     </span>
     <span class='ocr_line' id='line_1_31' title="bbox 227 3857 1360 3944; baseline 0.005 -24"><span class='ocrx_word' id='word_1_187' title='bbox 227 3858 478 3921; x_wconf 85' lang='lat' dir='ltr'><strong>ecclesiastica</strong></span> <span class='ocrx_word' id='word_1_188' title='bbox 496 3861 531 3922; x_wconf 92' lang='lat' dir='ltr'><strong>et</strong></span> <span class='ocrx_word' id='word_1_189' title='bbox 544 3857 675 3939; x_wconf 86' lang='lat' dir='ltr'><strong>civilis,</strong></span> <span class='ocrx_word' id='word_1_190' title='bbox 696 3859 861 3924; x_wconf 87' lang='lat' dir='ltr'><strong>exerceri</strong></span> <span class='ocrx_word' id='word_1_191' title='bbox 879 3859 987 3925; x_wconf 89' lang='lat' dir='ltr'><strong>debet</strong></span> <span class='ocrx_word' id='word_1_192' title='bbox 1004 3859 1041 3925; x_wconf 91' lang='lat' dir='ltr'><strong>in</strong></span> <span class='ocrx_word' id='word_1_193' title='bbox 1054 3859 1098 3925; x_wconf 91' lang='lat' dir='ltr'><strong>iis</strong></span> <span class='ocrx_word' id='word_1_194' title='bbox 1116 3877 1210 3944; x_wconf 90' lang='lat' dir='ltr'><strong>quae</strong></span> <span class='ocrx_word' id='word_1_195' title='bbox 1227 3877 1360 3942; x_wconf 90' lang='lat' dir='ltr'><strong>respe-</strong></span> 
     </span>
     <span class='ocr_line' id='line_1_32' title="bbox 228 3945 844 4048; baseline 0.006 -22"><span class='ocrx_word' id='word_1_196' title='bbox 228 3965 349 4028; x_wconf 85' lang='lat' dir='ltr'><strong>ctivae</strong></span> <span class='ocrx_word' id='word_1_197' title='bbox 363 3945 608 4045; x_wconf 82' lang='lat' dir='ltr'><strong>jurisdictioni</strong></span> <span class='ocrx_word' id='word_1_198' title='bbox 622 3971 844 4048; x_wconf 89' lang='lat' dir='ltr'><strong>competunt.</strong></span> 
     </span>
    </p>

    <p class='ocr_par' dir='ltr' id='par_1_9' title="bbox 228 4067 1365 4369">
     <span class='ocr_line' id='line_1_33' title="bbox 317 4067 1362 4154; baseline 0.008 -22"><span class='ocrx_word' id='word_1_199' title='bbox 317 4067 457 4134; x_wconf 89' lang='lat' dir='ltr'><strong>Deinde</strong></span> <span class='ocrx_word' id='word_1_200' title='bbox 472 4088 701 4154; x_wconf 88' lang='lat' dir='ltr'><strong>summopere</strong></span> <span class='ocrx_word' id='word_1_201' title='bbox 717 4071 830 4138; x_wconf 84' lang='lat' dir='ltr'><strong>refert</strong></span> <span class='ocrx_word' id='word_1_202' title='bbox 846 4072 882 4136; x_wconf 90' lang='lat' dir='ltr'><strong>in</strong></span> <span class='ocrx_word' id='word_1_203' title='bbox 901 4074 1156 4139; x_wconf 87' lang='lat' dir='ltr'><strong>controversia</strong></span> <span class='ocrx_word' id='word_1_204' title='bbox 1186 4074 1279 4140; x_wconf 89' lang='lat' dir='ltr'><strong>adeo</strong></span> <span class='ocrx_word' id='word_1_205' title='bbox 1295 4092 1362 4140; x_wconf 88' lang='lat' dir='ltr'><strong>sa-</strong></span> 
     </span>
     <span class='ocr_line' id='line_1_34' title="bbox 228 4173 1365 4264; baseline 0.008 -25"><span class='ocrx_word' id='word_1_206' title='bbox 228 4173 373 4240; x_wconf 89' lang='lat' dir='ltr'><strong>lebrosa</strong></span> <span class='ocrx_word' id='word_1_207' title='bbox 387 4181 423 4239; x_wconf 90' lang='lat' dir='ltr'><strong>et</strong></span> <span class='ocrx_word' id='word_1_208' title='bbox 436 4176 628 4258; x_wconf 87' lang='lat' dir='ltr'><strong>complexa</strong></span> <span class='ocrx_word' id='word_1_209' title='bbox 644 4178 862 4244; x_wconf 86' lang='lat' dir='ltr'><strong>catholicam</strong></span> <span class='ocrx_word' id='word_1_210' title='bbox 881 4178 1085 4245; x_wconf 90' lang='lat' dir='ltr'><strong>doctrinam</strong></span> <span class='ocrx_word' id='word_1_211' title='bbox 1114 4181 1257 4264; x_wconf 84' lang='lat' dir='ltr'><strong>integre</strong></span> <span class='ocrx_word' id='word_1_212' title='bbox 1290 4182 1365 4248; x_wconf 86' lang='lat' dir='ltr'><strong>ad-</strong></span> 
     </span>
     <span class='ocr_line' id='line_1_35' title="bbox 228 4280 1363 4369; baseline 0.009 -25"><span class='ocrx_word' id='word_1_213' title='bbox 228 4285 369 4346; x_wconf 87' lang='lat' dir='ltr'><strong>struere</strong></span> <span class='ocrx_word' id='word_1_214' title='bbox 386 4280 433 4345; x_wconf 89' lang='lat' dir='ltr'><strong>ad</strong></span> <span class='ocrx_word' id='word_1_215' title='bbox 450 4283 652 4348; x_wconf 81' lang='lat' dir='ltr'><strong>refellenda</strong></span> <span class='ocrx_word' id='word_1_216' title='bbox 669 4285 875 4366; x_wconf 88' lang='lat' dir='ltr'><strong>perniciosa</strong></span> <span class='ocrx_word' id='word_1_217' title='bbox 891 4285 1198 4369; x_wconf 88' lang='lat' dir='ltr'><strong>Protestantismi,</strong></span> <span class='ocrx_word' id='word_1_218' title='bbox 1223 4285 1363 4354; x_wconf 87' lang='lat' dir='ltr'><strong>Janse-</strong></span> 
     </span>
    </p>
   </div>
   <div class='ocr_carea' id='block_1_7' title="bbox 0 0 1518 4994">
    <p class='ocr_par' dir='ltr' id='par_1_10' title="bbox 0 0 1518 4994">
     <span class='ocr_line' id='line_1_36' title="bbox 0 0 1518 4994; baseline 0 0"><span class='ocrx_word' id='word_1_219' title='bbox 0 0 1518 4994; x_wconf 95' lang='lat' dir='ltr'><strong> </strong></span> 
     </span>
    </p>
   </div>
  </div>
 </body>
</html>
