3030 4990
540 477 636 536 -93
662 509 696 521 -

74 629 203 687 strenue
218 621 366 702 restitit;
381 622 418 686 in
435 623 602 687 eontlictu
615 623 778 702 haeresis,
791 622 872 710 finis
886 621 946 685 vel
960 621 1092 686 bonum
1106 622 1175 704 spi-

74 731 189 794 rituale
220 731 288 794 ruit
305 729 496 811 integritas
513 729 903 814 fidei—opportuuiatae
933 732 986 792 tot
1004 729 1176 793 exstitere

75 837 344 920 quothaeretici‚
365 838 520 902 maxime
539 855 626 902 vero
641 837 767 900 Ariani
785 853 980 918 eorumque
998 836 1174 918 fautores,

74 945 356 1026 sivePraesules,
387 945 465 1010 sive
489 943 890 1026 Principes-Ecclesia
923 942 1095 1026 dogmata
1123 962 1176 1008 so·

74 1053 225 1117 temnitur
242 1051 419 1134 definivit,
434 1069 578 1117 errores
597 1059 725 1116 eontra
757 1051 863 1116 fidem
893 1051 1094 1134 damnavit,
1126 1059 1176 1116 at·

75 1179 133 1242 que
145 1160 308 1224 veritatis
325 1159 528 1224 catholicae
540 1159 663 1223 hostes
680 1159 807 1241 poenis
822 1177 865 1222 ac
880 1159 1042 1223 censuris
1058 1160 1177 1242 profli·

74 1268 175 1348 gavit3
194 1267 229 1332 in
245 1266 414 1354 conflictu
433 1267 639 1348 schismattr,
652 1268 733 1353 finis
751 1267 811 1331 vel
828 1267 960 1331 bonum
988 1268 1178 1350 spirituale

74 1375 250 1439 inanitate
267 1375 452 1457 regiminis
466 1378 503 1438 et
522 1373 781 1438 communionis
798 1374 903 1438 situm
934 1383 988 1438 est
1017 1383 1178 1460 opportu-

76 1483 171 1548 ur'stae
188 1483 365 1547 habentur
383 1482 629 1565 Imperatores
642 1482 845 1564 Byzantini,
871 1482 1041 1565 Episcopi
1067 1481 1177 1547 Grae-

76 1588 112 1668 ci,
126 1589 335 1670 praesertim
352 1593 473 1653 autem
488 1587 725 1653 Patriarehae
739 1587 1177 1672 Constantinopolitani—

75 1691 223 1759 Ecclesia
239 1713 410 1779 suprema
428 1714 493 1761 sua
512 1698 732 1762 auctoritate
749 1698 995 1781 reprehendit,
1031 1697 1179 1763 anathe-

77 1801 208 1866 matizat
224 1806 260 1867 et
272 1804 432 1886 deponit.

154 1909 268 1977 Aetate
285 1913 413 1976 urentia:
434 1910 628 1976 Conflietus
642 1913 920 1978 investiturarum
937 1915 1003 1979 sub
1021 1915 1174 1998 Impera·

76 2017 198 2082 toribus
212 2017 449 2100 Germanicis,
465 2019 652 2084 conflictus
670 2018 958 2086 Consuetudtnurn
972 2019 1178 2107 Arrplieana·

76 2143 142 2188 run
157 2127 218 2190 sub
235 2125 405 2209 Henryco
420 2127 467 2208 ll,
487 2131 523 2191 et
535 2128 722 2192 conflictus
738 2131 1001 2213 usurpationum
1019 2131 1084 2194 sub
1102 2131 1178 2195 Phi-

77 2230 162 2314 lippo
177 2233 237 2316 lV,
255 2252 343 2316 rege
363 2233 507 2300 Galliae
545 2240 783 2318 cognomento
815 2237 975 2318 Pulchro,
995 2239 1031 2301 in
1058 2239 1177 2302 conili-

77 2344 125 2403 eta
140 2342 426 2422 investitatum,
454 2345 536 2430 finis
572 2345 771 2426 spiritualis
789 2345 927 2426 positus
961 2352 1015 2409 est
1047 2348 1179 2429 inipsa

77 2445 249 2528 dignitate,
270 2451 465 2514 sanctitate
484 2455 592 2533 atque
627 2451 886 2532 spiritualitate
914 2469 1033 2516 rerum
1064 2454 1178 2518 ecele-

77 2556 596 2644 siasticaraim—opportuutstae
616 2563 699 2623 tunc
731 2561 904 2642 temporis
922 2579 1008 2624 vere
1039 2562 1178 2625 teterri-

78 2664 116 2726 mi
144 2665 286 2730 fuerunt
318 2667 445 2748 ingens
494 2667 683 2732 multitudo
727 2666 1178 2750 episeoporum‚abhaturn

77 2774 106 2832 et
121 2771 321 2856 Principum
336 2774 546 2840 -Ecclesia
560 2793 731 2839 mucrone
749 2775 991 2838 anathematis
1019 2776 1070 2838 Im
1076 2793 1177 2856 pera·

78 2881 160 2944 tores
172 2882 340 2963 perculit,
357 2882 579 2966 Romanique
598 2883 790 2947 Pontifices
819 2883 1011 2948 nonnullos
1045 2883 1178 2947 Princi-

78 3002 130 3065 pes
145 2991 249 3054 etiam
268 2990 450 3073 imperiali
481 2991 658 3074 dignitate
687 2991 877 3073 insignitos
903 3008 1021 3072 poena
1039 2989 1178 3072 deposi-

79 3093 169 3160 tionis
196 3097 399 3180 muletavit;
434 3099 471 3162 in
499 3100 666 3164 conflictu
704 3097 992 3165 Consuetudinem
1023 3097 1179 3184 Anpliaa

79 3203 213 3268 tirriaseu
241 3205 375 3270 bonum
408 3207 598 3288 spirituale
630 3210 795 3289 putatum
812 3208 878 3270 fuit
897 3207 1047 3270 libertas
1064 3211 1100 3269 et
1118 3207 1180 3270 inr-

79 3310 216 3376 rnunitas
261 3313 832 3397 ecclesiastica-opportuuistae
877 3313 1017 3376 censeri
1047 3313 1181 3375 debent

79 3433 185 3484 omnes
199 3421 253 3485 illi
266 3421 376 3485 aulici
393 3425 429 3485 et
444 3422 606 3504 episcopi
631 3422 691 3504 qui
707 3422 876 3503 Henryeo
907 3421 941 3484 Π
971 3419 1179 3483 adblandie-

79 3519 204 3608 bantur,
242 3533 278 3592 et
310 3527 487 3592 adversus
520 3527 554 3592 S.
585 3527 783 3609 Martyrem
816 3527 989 3591 Thomam
1025 3524 1179 3590 Cantua·

79 3627 470 3697 riensemilliusodium
503 3633 967 3697 accendebant—Ecclesia
1001 3650 1065 3714 per
1099 3631 1179 3694 rile-

79 3739 239 3805 xandrum
272 3740 325 3805 III
358 3742 467 3824 impio
500 3742 589 3824 Regi
617 3759 697 3804 sese
726 3741 894 3823 opposuit
927 3745 962 3803 et
993 3739 1179 3803 libertates

80 3845 275 3926 anglicanas
288 3848 417 3929 rejecit
450 3865 493 3912 ac
526 3845 793 3928 condemnavit;
828 3848 1049 3911 ineonilictu
1084 3867 1180 3910 usur-

75 3953 252 4034 pationum,
283 3956 365 4042 finis
393 3955 453 4019 vel
471 3956 603 4020 bonurn
621 3957 811 4037 spirituale
843 3955 1009 4038 equidem
1040 3957 1180 4036 praeie-

80 4059 213 4124 rendum
243 4061 338 4126 bono
366 4062 558 4144 temporali
591 4063 869 4128 benevolentiae
906 4068 969 4126 aaut
998 4062 1180 4124 amicitiae

81 4166 163 4247 regis
203 4168 440 4250 Francorum,
486 4170 667 4252 etiamque
716 4170 878 4234 absolute
921 4168 1173 4250 obtinendum,

82 4274 317 4340 nonobstante
334 4275 435 4358 regia
448 4276 661 4359 eupiditate,
680 4277 881 4341 imminenti
899 4277 1179 4360 persequutione

84 4379 112 4441 tt
126 4384 220 4450 malis
236 4385 499 4468 ingruentibus,
526 4404 583 4450 res
617 4387 763 4452 niaximi
781 4387 951 4451 momenti
967 4393 1058 4468 erat,
1080 4386 1177 4450 vide·
