3120 4988
802 367 959 426 ...42-

318 513 416 578 circa
440 513 575 577 iactum
594 511 800 595 positivum,
820 513 922 592 quus
937 512 1073 577 veritas
1092 515 1200 596 atque
1219 513 1440 593 interpreta-
1465 518 1471 528 '

317 621 368 686 tio
385 637 431 684 ex
449 619 673 684 documentis
691 619 842 686 sinceris
860 625 896 684 et
914 619 1132 686 authenticis
1149 619 1253 684 nobis
1269 627 1440 684 constare

318 726 463 792 debent.
490 725 534 790 Et
551 743 590 792 re
615 727 757 810 quidem
778 743 879 808 vera,
896 725 1063 790 Ecclesia
1079 727 1149 791 erit
1165 728 1324 790 societas
1341 725 1438 806 talis,

318 834 462 916 qualem
479 831 643 898 Christus
657 833 770 917 ipsius
783 832 968 898 Fundator
986 833 1113 916 voluit,
1132 835 1278 916 qualem
1292 832 1439 896 traditio

318 940 499 1004 catholica
530 939 735 1004 divinarum
765 939 1029 1004 institutionum
1053 942 1155 1005 testis
1184 945 1221 1004 et
1253 939 1441 1004 oraculum

318 1047 451 1124 docuit,
471 1045 615 1129 qualem
633 1046 788 1129 ipsamet
813 1045 978 1110 Ecclesia
996 1046 1169 1111 divinitus
1186 1046 1317 1110 edocta
1333 1051 1371 1110 et
1389 1047 1439 1110 in·

318 1154 481 1219 t'allibills
500 1153 603 1218 verbi
628 1153 695 1218 Dei
722 1155 904 1236 interpres
933 1172 1103 1237 suprema
1124 1173 1190 1219 sua
1219 1155 1440 1220 auctoritate

317 1261 538 1326 solemnibus
556 1260 824 1324 definitionibus
841 1261 1002 1341 tradidit3
1023 1261 1189 1342 probatio
1207 1261 1319 1344 igitur
1336 1262 1441 1326 hiato-

318 1371 393 1434 ricu
413 1385 458 1432 ex
476 1369 611 1450 triplici
628 1367 895 1432 informationis
910 1369 1011 1433 fonte
1029 1369 1229 1451 repetenda
1252 1373 1319 1450 est,
1339 1369 1441 1434 nimi-

318 1493 409 1556 rum,
428 1493 474 1539 ex
491 1473 605 1540 Sacra
620 1473 820 1558 Scriptura,
835 1474 1062 1540 traditionali
1080 1493 1188 1542 sensu
1215 1481 1251 1540 et
1267 1475 1443 1540 ecclesia·

319 1583 419 1648 sticis
436 1581 717 1646 delinitionibus.

409 1691 459 1754 l.⁰
507 1688 560 1752 Ex
578 1688 721 1754 Divinis
739 1688 887 1754 Litteris
901 1690 1190 1756 luculentissime
1204 1689 1443 1773 patetJesum

319 1795 499 1862 Christum
525 1796 756 1860 constituisse
775 1797 810 1861 in
827 1795 993 1861 Ecclesia
1017 1797 1250 1879 magistratus
1262 1799 1442 1882 proprios,

319 1905 443 1986 eisque
468 1907 684 1985 potestatem
697 1904 839 1988 plenam
856 1903 1068 1987 contulisse,
1087 1903 1307 1987 cosdemque
1334 1904 1444 1968 simul

319 2011 536 2076 auctoritate
553 2031 713 2094 suprema
733 2016 769 2075 et
793 2010 1065 2094 independente
1099 2011 1281 2076 muniisse.
1301 2011 1358 2076 Ita
1374 2011 1443 2076 sci-

318 2119 405 2183 licet
422 2119 472 2182 ait
486 2118 592 2182 Petro
614 2119 757 2183 Vicerio
772 2136 849 2201 suo,
869 2136 1112 2201 supremoque
1130 2117 1317 2184 Ecclesiae
1335 2117 1442 2200 Capi-

319 2227 358 2290 ti:
377 2227 426 2290 Tu
439 2247 473 2292 es
488 2227 620 2308 Petrus,
634 2233 665 2292 et
676 2245 781 2310 supet·
793 2225 881 2291 hune
894 2227 1034 2292 Petrum
1047 2228 1234 2314 aedificabo
1248 2225 1444 2292 Ecclesiam
1552 2299 1553 2306 ἵ

321 2355 439 2416 meant,
456 2343 487 2398 et
513 2345 636 2418 portae
653 2335 760 2418 inseri
777 2355 843 2400 uolt
866 2335 1118 2418 praevalebunt
1147 2335 1330 2399 adversum
1354 2355 1444 2398 eam:

318 2440 364 2508 Et
378 2443 439 2506 tibi
451 2443 538 2507 dubo
549 2444 663 2507 clatros
675 2443 772 2527 rapui
786 2443 968 2508 coelorum:
978 2441 1024 2506 Et
1034 2441 1264 2526 quodcumque
1276 2441 1444 2526 lipaoeris

318 2558 579 2633 superterram,
598 2553 663 2615 erit
681 2551 824 2635 liputurn
843 2551 925 2614 etin
943 2551 1057 2615 coelia:
1075 2557 1106 2614 et
1132 2551 1362 2634 quodcumque
1376 2549 1443 2614 aol-

318 2660 410 2724 ueris
426 2679 531 2744 super
550 2667 690 2740 terrum,
708 2659 774 2723 erit
787 2659 935 2723 solutum
953 2665 984 2722 et
1001 2659 1038 2722 in
1057 2654 1444 2739 coelis(1).hdomnes
1553 2717 1554 2744 ¹

319 2772 439 2830 autern
457 2766 650 2848 Apostolos
668 2765 800 2828 similia
818 2781 965 2846 prorsus
983 2763 1098 2827 verba
1115 2763 1213 2828 dicta
1232 2763 1405 2845 leguntur
1422 2781 1445 2826 a
1553 2747 1554 2764 ἶ

319 2873 474 2938 Christo:
494 2873 600 2938 Amen
619 2874 695 2938 dico
714 2873 818 2953 uobis,
837 2892 1066 2955 quoecumque
1089 2871 1320 2957 ullipuvert‘tt'e
1338 2892 1445 2955 super

319 2989 458 3060 ter-rum,
477 2988 577 3044 eruut
603 2981 710 3064 liputu
728 2987 759 3044 et
787 2981 823 3043 in
853 2979 954 3060 coelo,
974 2987 1005 3042 et
1022 2999 1250 3062 quaecumque
1268 2978 1445 3043 solveritis

319 3109 421 3170 super
440 3095 578 3166 terrum,
597 3095 695 3150 eruut
712 3087 824 3150 solutu
841 3092 872 3150 et
889 3087 926 3150 iu
943 3087 1033 3150 coelo
1051 3085 1111 3170 (2).

408 3193 460 3256 Ex
479 3193 532 3256 his
552 3193 688 3256 duobus
708 3193 921 3256 testimoniis
950 3193 1175 3275 evangelicis
1197 3193 1267 3257 tria
1279 3192 1445 3276 legitime

320 3305 589 3382 consequuntur
618 3317 682 3381 pro
715 3299 919 3363 evincenda
947 3300 1312 3383 constabiliendaque
1329 3301 1444 3366 socie·

320 3409 404 3475 tatis
420 3407 641 3474 christianae
656 3407 892 3489 perfectione:
907 3409 1073 3488 primum,
1089 3409 1259 3472 institutio
1271 3407 1444 3472 solemnis

319 3517 597 3600 magistratuum
615 3533 681 3597 pro
699 3512 860 3597 regenda
874 3513 1039 3578 Ecclesia
1052 3533 1115 3579 seu
1133 3514 1309 3595 explicita
1325 3513 1444 3595 desig-

320 3627 418 3690 natio
442 3624 584 3712 nabjeoti
603 3622 740 3705 proprii
769 3623 962 3704 potcstatis
987 3621 1275 3703 ecclesiasticae,
1298 3621 1359 3704 Tu,
1387 3621 1443 3687 Vo-

320 3733 381 3812 bis,
398 3732 538 3796 scilicet
555 3731 684 3795 Petrus
710 3733 746 3793 at
774 3729 940 3811 Apostoli
970 3747 1167 3813 eorumque
1191 3728 1442 3812 Successores,

320 3839 449 3920 quibus
468 3843 607 3901 tantum
626 3837 717 3900 haec
737 3836 850 3901 verba
867 3836 964 3900 dicta
982 3838 1096 3919 fuere;
1112 3837 1280 3917 alterum,
1291 3836 1443 3921 plenitu-

320 3949 363 4012 do
380 3945 570 4028 potestatis
596 3962 769 4027 expresse
787 3945 990 4028 significata
1017 3963 1083 4028 per
1101 3944 1319 4010 vocabulum
1338 3944 1444 4027 quod·

320 4075 459 4138 cumque
478 4074 757 4137 -quaeoumque
786 4055 975 4118 continens
1004 4056 1042 4119 in
1073 4071 1137 4118 suo
1168 4052 1286 4136 logico
1315 4067 1442 4116 conce·

391 4225 431 4288 (l)
470 4222 571 4276 Malth.
585 4237 645 4290 cap.
659 4221 738 4288 XVI,
753 4237 797 4276 vv.
813 4225 842 4274 l8
853 4229 881 4278 et
895 4227 934 4276 19.

390 4298 427 4362 (2)
464 4293 566 4349 uultu.
579 4309 639 4364 cap.
654 4292 801 4362 xv111,v.
817 4297 858 4348 la.
