3034 4990
544 403 724 460 -373-

66 547 184 606 stema
200 545 470 624 Febroaionum,
505 547 558 610 sio
575 545 801 628 appellatum
814 565 836 608 a
851 545 872 610 J
877 545 994 610 ustino
1011 545 1193 610 Febronio

67 649 131 712 sub
149 667 225 731 quo
245 651 480 731 pseudonimo
505 653 645 717 latebat
673 652 845 716 Nicotaus
871 651 1078 735 Hontheim,
1114 653 1196 735 Epi·

69 773 200 836 scopus
229 757 481 840 Miriofitanus,
511 761 710 824 Auxiliaris
739 745 980 841 Trevirensis,
1009 761 1070 842 qui
1100 778 1195 824 anno

71 861 151 925 ttae
162 863 302 927 librum
319 865 431 930 edidit
447 867 660 948 inscriptum
682 869 733 932 De
745 867 845 932 Statu
863 867 1038 932 Ecclesiae
1054 873 1085 931 et
1098 865 1195 951 Layi-

68 971 151 1034 tr'ma
169 978 343 1056 potestate
371 973 520 1038 Romani
548 976 736 1060 Pontificio.
772 973 977 1038 Discrimen
1008 974 1194 1055 utriusque

69 1077 280 1154 systematis
295 1078 332 1140 in
346 1077 414 1142 hoc
427 1079 533 1142 situm
547 1085 611 1160 est,
627 1079 722 1161 quod
734 1079 935 1143 Febronius
949 1079 1195 1161 impugnando

67 1177 168 1244 Sedis
181 1181 421 1264 Apostolicae
439 1185 612 1249 Primatui
631 1186 867 1267 praecipuam
898 1203 1023 1250 curam
1056 1187 1193 1267 impen-

69 1284 128 1366 dit,
148 1289 322 1368 quamvis
336 1307 500 1354 asserere
519 1293 657 1355 veritus
672 1310 742 1355 non
760 1299 816 1355 est
828 1309 978 1373 scopum
996 1309 1099 1355 suum
1113 1309 1195 1356 esse

70 1393 277 1458 faciliorem
293 1396 447 1460 reddere
463 1397 746 1461 Protestanuum
764 1403 800 1460 et
816 1397 1085 1462 catholicorum
1111 1415 1194 1462 con·

71 1500 245 1582 cordiam,
264 1503 367 1583 quus
385 1505 596 1568 assertionis
614 1505 788 1585 ineptiam
806 1509 842 1568 et
865 1504 1108 1568 temeritatem
1126 1504 1198 1584 ipsi

73 1605 323 1672 Protestantes
355 1611 479 1690 palam
512 1611 726 1692 deriserunt,
745 1611 960 1692 praesertim
993 1610 1195 1676 veroScri⁴

74 1721 195 1791 ptores
213 1714 425 1796 Lipsienses
440 1718 501 1797 (1),
520 1719 581 1800 qui
599 1723 838 1799 posteaquam
852 1736 940 1799 opus
953 1717 1124 1780 Febronii
1141 1733 1196 1780 re·

75 1824 295 1884 censuerunt
309 1824 345 1884 et
362 1823 508 1886 summis
527 1825 700 1887 encomiis
732 1823 938 1904 laudarunt,
974 1827 1098 1905 utpote
1132 1823 1198 1886 Re·

74 1923 312 1990 formatorum
331 1927 518 1992 doctrinae
536 1931 693 1994 maxime
711 1947 918 2010 consonum,
936 1930 988 1993 ita
1020 1936 1058 1993 ut
1075 1935 1198 1993 aucto-

76 2045 146 2094 rem
165 2051 250 2096 cum
268 2033 428 2098 Luthero
446 2043 715 2117 compararent,
734 2038 832 2100 illico
851 2036 1085 2100 declararunt
1103 2037 1197 2100 cele-

76 2135 172 2202 brem
190 2139 414 2221 Episcopum
441 2143 578 2206 frustra
595 2144 792 2223 laborasse,
823 2142 920 2224 quia,
946 2143 1055 2205 etiam
1073 2143 1197 2205 ablato

78 2242 236 2310 Primatu
255 2247 455 2330 Pontificio,
475 2249 723 2313 Protestantes
742 2248 787 2313 ad
807 2249 1009 2312 Ecclesiam
1039 2247 1196 2312 Catholi·
1266 2337 1269 2342 Ι

79 2366 153 2415 cam
170 2353 295 2418 redire
312 2372 384 2418 non
407 2362 571 2436 possunt,
603 2374 683 2420 cum
701 2357 774 2420 alia
803 2356 915 2420 multa
944 2356 1139 2437 supersint,
1158 2354 1196 2418 in

78 2458 206 2536 quibus
223 2459 294 2541 ipsi
312 2478 333 2524 a
351 2459 548 2524 Catholicis
567 2461 754 2525 dissident.

162 2566 243 2630 241.
279 2565 422 2650 Scopas.
439 2566 608 2648 Systema
618 2568 802 2650 Febronii,
817 2567 847 2632 si
862 2567 1006 2650 plenam
1021 2573 1057 2631 et
1074 2567 1199 2632 distin·

80 2673 171 2736 ctam
190 2673 354 2754 ejusdem
367 2675 552 2738 notionem
566 2676 710 2756 assequi
727 2677 893 2754 velimus,
926 2676 1033 2754 juxta
1063 2691 1199 2736 rnorem

82 2780 348 2844 canonistarum
367 2780 604 2844 communiter
622 2789 820 2862 receptum,
841 2780 976 2860 triplici
993 2779 1096 2842 modo
1119 2795 1199 2858 per·

81 2885 184 2962 pendi
202 2885 323 2967 debet,
343 2886 607 2968 doctrinaliter,
625 2887 798 2950 historice
816 2891 925 2967 atque
942 2885 1117 2967 practice.

164 2993 421 3057 Doctrtnotiter
437 3011 580 3057 errores
598 2993 619 3058 J
624 2995 695 3060 uris
710 2993 859 3072 Publici,
877 2999 951 3055 tum
965 2992 1108 3070 laterai,
1125 2995 1200 3052 tum

82 3093 236 3178 Exierat,
256 3099 430 3162 continet:
444 3100 564 3181 quoad
581 3099 602 3162 J
607 3118 645 3164 us
664 3100 849 3163 Publicum
867 3100 1045 3162 Internum
1066 3097 1200 3160 Febro-

84 3202 156 3266 nius
174 3205 317 3268 erravit
334 3206 434 3269 circa
450 3211 669 3287 potestatem
698 3207 890 3290 pecoralem
923 3222 987 3268 sen
1011 3203 1201 3267 Ecclesiae

83 3313 366 3392 constitutionem,
396 3312 495 3374 circa
512 3317 729 3393 potestatem
748 3312 965 3397 pontificiam
994 3315 1057 3372 aut
1082 3307 1201 3384 subje-

84 3423 174 3480 ctum
190 3417 384 3497 potestatis
397 3437 589 3500 supremae,
607 3424 715 3498 atque
729 3418 827 3480 circa
841 3421 1058 3498 potestatam
1073 3415 1200 3496 episco-

80 3521 192 3598 patem
208 3539 273 3586 seu
288 3522 493 3603 ‘subjectum
510 3524 702 3604 potestatis
721 3523 895 3606 publicae.

168 3627 216 3692 1.⁰
264 3626 371 3692 Circa
388 3635 606 3710 potestatem
618 3631 810 3713 pecoralem
827 3646 890 3691 seu
904 3626 1092 3690 Ecclesiae
1117 3642 1200 3688 con·

86 3730 303 3798 stitutionem
320 3739 431 3816 negat
447 3733 587 3799 Statum
618 3735 805 3798 Ecclesiae
838 3751 918 3798 esse
932 3732 1200 3810 rectoraticum

86 3843 213 3905 etenim
233 3860 306 3906 non
324 3843 477 3906 obscura
495 3842 602 3905 docet
618 3843 743 3906 claves
769 3842 835 3905 toti
867 3841 1026 3904 fidelium
1055 3835 1201 3919 corpori

85 3941 191 4011 fuisse
208 3947 374 4030 traditas,
393 3949 445 4012 ita
463 3959 501 4011 ut
517 3955 679 4028 potestas
696 3947 949 4029 principaliter
968 3951 1004 4008 ot
1032 3944 1201 4008 radicali-

87 4053 138 4113 ter
152 4054 189 4116 in
204 4055 337 4136 populo
356 4055 529 4118 cristiano
547 4055 718 4136 resideat,
739 4054 912 4118 usualiter
926 4057 962 4115 et
976 4052 1202 4116 usufructua-

88 4201 242 4220 h¹·-·-·—n—-n

154 4286 191 4350 (1)
228 4279 265 4335 In
277 4279 362 4337 Novis
375 4279 453 4338 Actis
465 4281 645 4338 Emrdltoram
658 4297 734 4336 anno
746 4280 823 4349 1⁷64,
832 4295 898 4348 pap.
914 4283 951 4334 l.²
