3024 4994
530 431 706 489 -177-

63 579 165 646 studii
180 579 341 645 adbibere
355 577 513 642 debemus
530 577 623 643 circa
640 597 820 644 sacrorum
839 589 1019 660 canonum,
1040 587 1071 644 et
1095 581 1181 645 dioi-

63 707 182 752 norum
203 687 313 771 iepum
345 684 548 765 custodiam,
579 705 665 768 quoe
704 703 807 770 super
839 684 952 750 solute
982 687 1181 753 animorum

64 800 255 860 nostrarum
273 791 432 878 definitae
452 791 550 855 aunt?
566 791 625 874 (1).

140 898 222 966 Ι103.
270 895 662 962 Potestasmnmams
694 896 895 962 Ecclesiae.
914 889 1101 964 ¹Probatur
1131 901 1181 966 l.0

63 1004 220 1070 doctrina
239 1003 381 1072 Christi:
403 1007 476 1068 tres
492 1005 601 1069 etiam
620 1009 741 1069 textas
756 1021 836 1069 cam
855 1008 1024 1089 apposita
1055 1009 1179 1091 expla-

64 1111 282 1194 natioaepro
301 1116 479 1176 senostra
498 1110 725 1176 conficienda
750 1127 796 1176 ex
824 1110 1027 1194 Evangelio
1059 1115 1178 1196 seligi·

65 1235 151 1281 mus:
169 1219 198 1297 ⁸)
219 1216 286 1292 Qui
299 1217 487 1282 crediderit
505 1225 536 1282 et
553 1218 748 1302 baptizatus
757 1219 868 1303 fuerit
884 1221 1002 1285 saluus
1029 1223 1106 1302 erit,
1123 1222 1181 1306 qod

63 1343 137 1389 cero
149 1345 214 1389 non
231 1324 420 1389 crediderit
449 1325 732 1390 condemnabitur
744 1323 805 1408 (2);
822 1324 902 1390 heic
916 1325 959 1390 de
974 1328 1180 1392 salvatione

63 1436 95 1494 et
108 1431 405 1496 condemnatione
422 1431 541 1512 agitur
557 1435 593 1495 ct
604 1435 730 1514 aperte
744 1431 898 1496 infertur
912 1436 1073 1515 potestas
1085 1435 1178 1516 Judi·

62 1539 158 1604 cialis
175 1539 377 1621 Ecclesiae,
397 1539 484 1621 qaia
503 1537 619 1602 eidem
639 1538 764 1603 divina
780 1539 1017 1621 dispositione
1034 1540 1177 1608 deman·

61 1645 176 1711 datam
195 1653 249 1711 est
268 1664 396 1711 munus
414 1653 488 1710 tam
506 1645 719 1711 declarandi
735 1665 862 1712 veram
877 1647 982 1713 fidem
1010 1650 1178 1730 profiten·

62 1753 329 1818 dametvalida
359 1763 593 1818 sacramenta
622 1755 830 1819 necessario
864 1756 1108 1838 suscipienda,
1142 1763 1180 1822 at

63 1861 204 1943 quisque
217 1862 254 1924 ia
269 1879 371 1924 saum
387 1861 503 1926 sinum
523 1861 754 1926 adscribatur
767 1866 804 1925 et
837 1867 1023 1927 aeternam
1058 1863 1177 1929 salve·

61 1967 186 2032 tionem
203 1973 419 2049 assequatur
436 1967 568 2052 (sutona
597 1971 690 2050 erit),
727 1973 800 2032 tam
840 1969 950 2032 etiam
982 1969 1177 2035 deliniendi

62 2075 195 2156 quando
214 2074 320 2140 homo
335 2075 380 2140 ob
398 2074 578 2139 defectam
597 2074 680 2138 fidei
699 2081 735 2138 et
753 2081 1064 2141 sacramentorum
1079 2095 1099 2141 e
1112 2095 1176 2141 suo

62 2183 189 2262 gremio
207 2182 478 2248 excludataret
513 2187 687 2246 aeternae
717 2182 961 2247 damnationis
998 2201 1081 2248 reus
1113 2183 1177 2247 ilat

63 2291 375 2374 (condemnabitur);
394 2307 463 2372 age
477 2290 554 2371 jam
573 2289 749 2371 ejusmodi
786 2289 997 2354 authentica
1015 2289 1177 2355 declara

63 2397 223 2482 tiaatqae
240 2399 412 2463 solemnis
431 2398 590 2463 delinitio
620 2397 809 2463 Ecclesiae
837 2399 1010 2464 divinitas
1043 2399 1175 2465 ianam·

63 2505 139 2569 bens
163 2506 336 2589 supponit
366 2523 410 2570 aa!
436 2505 596 2588 postulat
620 2506 699 2570 sive
724 2505 899 2587 jndicium
930 2507 1176 2590 (theoreticam)

64 2619 116 2676 aut
144 2631 242 2678 mere
268 2611 475 2694 juridicam,
509 2613 588 2678 sive
609 2611 784 2694 judiciam
813 2617 1009 2697 practicam
1022 2619 1086 2679 aut
1104 2633 1173 2680 me·

64 2736 94 2782 re
133 2723 357 2803 empiricam,
403 2715 482 2784 sive
511 2719 685 2801 judiciam
718 2721 864 2786 miratum
897 2725 961 2784 aut
987 2723 1174 2803 empirico-

61 2825 254 2908 juridicum;
297 2828 406 2910 igitur
447 2826 612 2890 Ecclesia
644 2845 690 2891 ex
719 2826 787 2891 Dei
818 2826 1043 2892 institutione
1076 2834 1173 2911 pote·

64 2937 146 2998 state
159 2935 357 3016 judiciaria
375 2935 546 3016 insignita
566 2937 631 2998 est.
654 2931 679 3012 b)
700 2932 939 3017 Quodcumque
966 2935 1172 3020 tipaoerie...

64 3043 284 3126 quodcumqae.
305 3043 492 3107 colueris...
516 3040 754 3126 Quaecumque
783 3042 1055 3126 altipuocritis...
1075 3065 1174 3127 qnae·

64 3148 405 3232 cumquesoioeritie...
425 3149 487 3230 (3);
504 3146 667 3213 Christus
681 3147 856 3213 Dominus
878 3165 941 3231 per
954 3148 1045 3214 haec
1060 3151 1173 3215 verba

65 3249 157 3320 Petro
187 3263 223 3320 et
256 3255 440 3337 Apostolis
470 3272 666 3337 eorumque
696 3254 867 3337 legitimis
898 3253 1174 3321 successoribus

66 3359 175 3425 tribuit
194 3367 412 3444 potestatem
431 3363 565 3445 lipardi
584 3370 693 3444 atque
709 3363 876 3442 soluendi,
896 3361 964 3427 hoc
992 3369 1059 3445 est,
1094 3381 1172 3428 sen·

66 3467 200 3532 tentiam
215 3468 460 3534 damnationis
475 3468 535 3532 vel
554 3467 791 3532 absolutionis
806 3468 960 3550 ferendi;
976 3470 1077 3552 atqui
1090 3487 1173 3535 coa-

66 3567 232 3640 damnatio
251 3575 312 3641 vel
326 3575 505 3640 absolutio
523 3579 650 3640 contra
665 3575 917 3659 delinquentes
936 3579 1172 3658 pronunciari

68 3684 186 3763 nequet
218 3683 357 3766 absque
389 3682 564 3747 facultate
591 3682 769 3765 judiciali,
792 3685 925 3747 etenim
951 3683 1038 3748 ordo
1069 3685 1171 3766 jasti-

69 3781 128 3849 tiae
143 3790 362 3871 praescribit
380 3800 416 3855 et
433 3791 532 3872 leges
548 3791 728 3873 positivae
762 3790 859 3872 apud
889 3809 1014 3855 omnes
1047 3794 1173 3873 gentes

67 3895 225 3978 statuunt,
246 3903 296 3978 ut,
317 3901 513 3980 antequam
528 3897 587 3979 jas
605 3895 809 3960 definitorio
827 3895 968 3960 dicatur
996 3913 1076 3960 cura
1095 3900 1172 3960 tan·

72 4059 212 4076 Q*-

125 4207 161 4272 (1)
197 4205 493 4278 irrproes.Nov.127.

126 4279 159 4344 (2)
194 4279 308 4344 Marta„
322 4295 383 4348 cap.
396 4277 475 4346 XVI,
488 4295 513 4332 v.
529 4279 570 4332 15.

127 4349 160 4418 (8)
195 4351 306 4406 Mettis..
320 4365 401 4420 capp.
416 4351 487 4404 xvi
500 4355 527 4404 et
541 4349 652 4416 XVIII,
666 4365 711 4404 arv.
726 4351 758 4402 la
771 4353 800 4402 et
815 4350 854 4401 18.
