3034 4990
800 409 977 470 -336-

279 534 287 548 ’
318 560 427 642 Juxta
444 559 523 639 ejus
537 555 719 638 principia
731 553 888 637 juridice
904 551 1078 637 possibile
1094 556 1152 618 est
1183 552 1373 616 veritatem
1389 552 1441 616 in-

322 665 441 730 veniri
472 663 509 728 in
540 661 723 728 catholica
741 659 931 742 religione;
950 665 1026 724 turn
1058 659 1170 722 etiarn
1187 657 1273 740 quia
1304 658 1364 722 ille
1381 657 1441 740 qui

323 775 490 836 caeteros
507 773 613 833 curat
640 766 685 832 de
703 767 861 832 veritate
892 765 1058 840 suadere,
1071 765 1154 847 jure
1172 765 1260 846 agit,
1277 765 1439 846 quemad-

324 877 468 944 modum
500 876 560 959 qni
578 875 728 940 veritati
757 873 955 938 assentitur
979 871 1053 953 juri
1078 871 1319 952 obtemperat:
1349 870 1440 934 unde

323 985 482 1066 injustae
500 987 536 1046 et
554 981 651 1045 omni
665 980 737 1061 jnri
754 979 997 1044 adversantes
1014 975 1206 1042 habendae
1231 979 1316 1040 sunt
1330 976 1439 1060 leges,

324 1109 419 1175 quae
433 1093 664 1154 transeuntes
678 1087 724 1152 ad
741 1087 956 1170 religionem
972 1085 1190 1151 catholicam
1205 1085 1376 1168 plectunt.

415 1195 544 1276 Quoad
561 1195 757 1260 societates
774 1194 1023 1274 schismaticos,
1053 1191 1099 1256 ad
1127 1191 1329 1256 Ecclesiam
1360 1209 1439 1274 quo-

324 1321 395 1387 que
413 1305 571 1368 attinent
588 1301 660 1365 tria
678 1305 879 1364 memorata
906 1300 1004 1381 iura,
1034 1303 1070 1364 et
1102 1296 1238 1379 Status,
1268 1316 1291 1361 a
1320 1302 1440 1362 centro

326 1411 474 1474 unitatis
493 1407 677 1490 segregati
694 1406 1002 1470 eteamdemcum
1031 1403 1124 1468 Sede
1157 1403 1319 1468 Romana
1352 1421 1439 1467 com·

325 1517 530 1582 munionem
550 1531 620 1578 non
640 1513 864 1595 prolitentes,
898 1512 998 1576 obire
1030 1511 1141 1576 etiam
1172 1510 1440 1592 adstringuntur

324 1623 459 1705 triplex
476 1639 566 1685 onus
594 1636 657 1684 seu
688 1619 847 1683 officium
874 1618 1082 1700 nuperrime
1109 1617 1347 1698 enuntiatum,
1376 1617 1440 1680 hoc

324 1736 392 1809 est,
407 1729 598 1792 libertatem
611 1725 764 1789 subditis
779 1724 968 1789 catholicis
999 1723 1235 1806 agnoscendi,
1261 1724 1439 1808 protectio-

323 1855 400 1899 aem
414 1851 479 1914 pro
498 1830 633 1896 tuenda
646 1831 816 1895 libertate
846 1831 1071 1913 praestandi,
1101 1835 1138 1894 et
1159 1832 1439 1916 propapotionem

325 1940 494 2004 veritatis
513 1937 717 2002 catholicae
735 1937 881 2002 minime
898 1936 1130 2018 impediendi;
1146 1940 1182 2002 et
1205 1953 1294 2001 sane
1309 1935 1353 2000 ad
1384 1953 1441 1999 ex·

324 2045 511 2130 sequenda
529 2041 705 2126 ejusmodi
721 2043 842 2108 officia
859 2043 995 2125 duplici
1007 2044 1150 2108 ratione
1174 2049 1362 2125 coguntur:
1392 2041 1441 2105 1.⁸
1510 2051 1511 2100 l

325 2154 411 2236 quia
428 2151 552 2218 Status
569 2150 794 2215 schismatici
812 2155 848 2214 et
863 2149 988 2232 populi
1012 2168 1034 2213 a
1063 2147 1248 2214 Oethedra
1271 2149 1366 2213 Petri
1390 2163 1438 2211 se·

325 2259 460 2343 parati,
481 2258 511 2322 si
529 2259 626 2321 bona
645 2255 714 2320 lide
732 2259 846 2337 agant
878 2261 914 2320 et
941 2255 977 2320 in
1004 2255 1205 2320 rebellione
1239 2259 1437 2333 versantur,

325 2368 456 2431 saltem
473 2365 584 2429 fateri
602 2369 773 2428 tenentur
791 2367 956 2428 caeteros
969 2363 1210 2446 probabiliter
1227 2361 1375 2427 credere
1405 2362 1437 2425 in

327 2471 527 2536 Primatum
543 2470 728 2534 Romanae
745 2469 945 2551 Ecclesiae,
965 2469 1118 2552 ideoque
1134 2470 1222 2553 ipsis
1249 2469 1438 2534 rationabi-

325 2577 412 2641 liter
425 2575 711 2659 permittendam
726 2593 807 2640 csse
820 2576 926 2640 iidem
944 2581 979 2641 et
994 2577 1138 2659 praxim
1150 2593 1240 2642 suae
1254 2575 1438 2659 professio·

327 2684 365 2748 ni
379 2701 590 2763 consonam
608 2681 663 2746 ht
679 2683 764 2765 quia
781 2683 889 2746 etiam
907 2683 1063 2748 humano
1079 2683 1185 2749 modo
1200 2683 1379 2766 loquendo
1408 2687 1440 2744 ot

327 2791 578 2855 verisimiliter
592 2788 802 2872 judicando,
821 2789 907 2854 licet
938 2790 1125 2854 luculenta
1140 2789 1334 2855 sacrarum
1350 2787 1437 2854 Scri·

326 2903 516 2981 pturarum
536 2896 748 2961 testimonia
780 2897 1171 2979 praetermitterentur,
1190 2895 1356 2962 Ecclesia
1373 2913 1438 2959 una

327 3005 364 3069 in
383 3008 502 3068 mente
520 3004 695 3085 sapientis
711 3002 929 3067 Fundatoris
947 3006 1102 3086 apparet
1119 3003 1255 3086 aliquid
1277 3002 1438 3082 nobilius,

330 3129 439 3194 quam
470 3111 608 3174 multae
626 3110 816 3175 Ecclesiae
846 3109 1085 3176 territorialcs
1112 3110 1271 3178 invicem
1300 3111 1440 3176 dissitae

326 3221 436 3298 atque
453 3213 751 3297 independentes.

414 3323 492 3386 209.
541 3321 750 3386 Relationes
763 3319 944 3402 jnridicae
962 3319 1149 3386 Ecclesiae
1166 3339 1248 3387 curn
1272 3323 1440 3388 societate
1509 3278 1510 3348 l

326 3429 527 3495 christiana
540 3429 765 3514 indiffamata
776 3427 1108 3510 eisdemprinclpiis
1118 3429 1343 3512 regulantur,
1355 3443 1440 3512 quae

325 3554 392 3620 pro
410 3535 514 3602 Statu
531 3535 731 3600 dissidente
747 3534 915 3599 militant:
933 3533 1099 3600 Ecclesia
1123 3535 1233 3618 igitur
1263 3536 1302 3600 in
1326 3533 1439 3618 regnis

325 3661 348 3708 a
365 3659 592 3727 quacumque
606 3643 783 3724 religione
798 3643 965 3707 revelate
977 3641 1319 3725 praescindentlbus
1332 3641 1438 3725 potio·

324 3750 356 3816 ri
373 3749 516 3814 ratione
528 3749 588 3830 jus
604 3749 715 3814 habet
732 3748 778 3813 ad
795 3748 948 3812 liberam
980 3750 1211 3832 existentiam,
1238 3748 1439 3832 generalem

319 3858 568 3942 protectionem
580 3859 618 3920 et
629 3855 875 3920 necessarium
892 3855 947 3920 sui
959 3856 1261 3942 propagationem
1279 3860 1316 3920 et
1329 3854 1438 3920 simile

327 3963 432 4026 modo
450 3962 572 4028 Statue
604 3963 641 4026 in
674 3961 774 4026 hisce
805 3978 927 4026 rerum
957 3961 1137 4043 adjunctis
1154 3962 1295 4045 positus
1316 3959 1439 4048 triptici

327 4068 437 4134 etiam
455 4070 568 4155 officio
585 4067 751 4150 subJacet
766 4067 970 4151 reliquendi
987 4067 1175 4135 Ecclesiae
1185 4085 1289 4135 suam
1302 4068 1438 4134 liberta·
1508 4136 1509 4144 χ

326 4179 412 4257 tem,
433 4174 558 4240 tuendi
574 4177 653 4257 ejus
666 4177 752 4259 iura
769 4181 897 4241 contra
928 4173 1117 4242 laedentes
1146 4175 1261 4259 ipsius
1292 4175 1439 4259 legalem
1508 4167 1509 4260 l

327 4281 562 4348 existentiam
579 4283 640 4350 vel
657 4283 818 4348 naturali
835 4282 1108 4350 conservationi
1124 4287 1365 4366 attentantes,
1395 4281 1438 4345 ia·
