3024 4994
535 427 711 492 ..201-

14 663 15 666 Ἴ
78 577 105 642 lo
120 577 216 642 modo
234 595 256 642 a
275 577 535 643 matrimoniali
550 579 738 644 contractu
752 576 895 660 seJnngi
924 580 987 642 aut
1015 573 1182 659 separari

14 671 15 690 ¹
77 686 170 768 queit,
187 689 370 769 tamquam
384 685 414 750 ei
433 687 530 750 esset
547 703 605 751 res
624 687 857 768 segregataa
874 701 914 748 re
944 684 1006 749 vel
1030 700 1090 748 res
1120 700 1181 748 ex-

14 875 15 880 *
77 791 236 857 trinsecus
267 791 392 856 addita
410 796 448 856 et
471 791 747 876 superveniens,
766 789 831 856 sed
845 788 1124 856 Sacramentum
1143 793 1182 854 et

20 899 22 902 ’
76 897 326 965 Matrimonium
345 917 416 964 una
434 898 637 982 eademque
654 915 714 965 ree
728 901 799 963 eat.

149 1005 214 1071 Pro
238 1005 310 1071 hac
328 1005 468 1071 unitate
487 1011 598 1089 atque
614 1005 805 1072 identitate
819 1007 1030 1070 contractus
1063 1007 1099 1069 et
1125 1018 1181 1068 aa·

75 1113 233 1190 crementi
268 1111 502 1195 vindicanda,
535 1111 840 1194 constabilienda,
883 1110 1120 1195 docendaque
1145 1110 1182 1176 in

75 1222 193 1286 actuali
209 1221 353 1305 gratiae
372 1221 589 1287 oeconomia
606 1219 714 1286 simul
728 1221 951 1304 conspirant:
969 1217 1020 1284 1.⁰
1033 1217 1181 1284 Triden-

74 1327 139 1392 tina
164 1327 322 1395 definitio
351 1329 530 1412 ejusmodi
561 1329 755 1394 veritatem
782 1328 834 1392 ita
864 1328 1109 1411 proclamans:
1142 1325 1183 1392 Si

24 1455 25 1460 ¹
74 1437 137 1518 qaia
152 1437 291 1519 dicerit,
308 1438 567 1503 matrimonium
585 1458 653 1503 nan
669 1455 741 1502 aare
757 1456 835 1500 aare
848 1441 880 1502 et
897 1435 1045 1520 propria
1077 1454 1183 1499 unam

73 1552 227 1628 acceptam
243 1544 329 1631 leuia
348 1545 564 1631 eaanqeticaa
592 1543 829 1610 Sacramentio
841 1563 863 1608 a
878 1539 1014 1609 Uiriato
1031 1541 1182 1607 Domina

74 1652 265 1735 lectitatum,
284 1653 473 1719 anatliema
490 1653 536 1718 rit
553 1652 613 1734 (1);
627 1650 680 1716 25·
693 1650 893 1716 auctoritas
917 1648 1085 1732 Angellci
1111 1646 1182 1714 Do-

74 1758 182 1843 ctoris‚
202 1760 264 1844 qui
282 1761 507 1827 catholicam
525 1761 729 1827 doctrinam
761 1760 860 1827 hisce
891 1759 1015 1825 verbis
1031 1757 1183 1825 mirifice

11 1851 13 1864 ’
74 1867 219 1948 exponit·
233 1866 341 1935 Actae
360 1870 562 1952 anteriores,
575 1877 608 1936 at
619 1871 723 1936 narba
739 1869 972 1955 reprimentia
982 1887 1183 1934 conuentum

16 2025 18 2028 ,
73 1971 335 2062 directasacinnt
365 1997 492 2042 nanum
523 1977 716 2062 quemdam,
749 1977 808 2062 qui
839 1982 889 2043 eat
920 1975 1182 2042 Sacramentum

73 2082 283 2167 matrimonii,
302 2090 335 2150 et
349 2083 550 2171 dujnamadi
563 2105 673 2151 aeaut
685 2105 729 2150 aa
741 2084 867 2150 uirtute
880 2084 1020 2150 divinae
1045 2083 1181 2148 inatitu.

72 2189 163 2256 tionis
179 2193 786 2279 diapenticaoperaturadyratiam
813 2191 874 2278 (2);
908 2192 1045 2276 itaque,
1076 2191 1183 2273 Juxta

14 2329 15 2332 =
73 2293 102 2359 S.
119 2297 273 2365 Thomae
290 2301 524 2383 sententiam,
542 2299 813 2367 Matrimonium
837 2304 874 2366 et
904 2297 1182 2366 Sacramentum

9 2417 16 2494 ἦ
74 2412 230 2473 nunaunt
247 2408 426 2492 duaerae,
443 2408 508 2473 ead
526 2427 598 2474 una
617 2408 827 2493 eademque,
857 2412 1035 2491 quatenus
1066 2425 1182 2472 nexus

9 2519 11 2580 ζ
74 2512 140 2594 ipae
169 2516 447 2581 matrimonialis
475 2515 752 2582 Sacramentum
785 2520 853 2600 eet;
894 2515 947 2582 3.0
980 2515 1181 2581 declaratio

74 2621 268 2688 authentica
283 2623 469 2689 Pontificie
486 2623 540 2689 Pii
556 2622 610 2689 IX
633 2624 687 2689 eic
719 2624 864 2708 ajentia:
898 2621 980 2692 Oum
1009 2644 1106 2690 nomo
1140 2644 1184 2689 aa

74 2727 236 2796 collaticia
247 2731 392 2818 innaret,
409 2737 470 2797 ant
486 2732 648 2817 ianorara
659 2731 786 2816 poenit,
814 2730 1077 2796 Matrimonium
1111 2749 1182 2793 aree

74 2857 139 2902 aare
151 2840 333 2926 etpropria
350 2859 456 2905 unum
469 2846 651 2924 acceptam
663 2839 877 2924 aaanqalicae
888 2838 973 2923 lania
986 2856 1181 2902 sacraman-

73 2943 109 3008 tir
122 2967 142 3011 a
155 2943 289 3013 tartaro
309 2947 457 3013 Domino
473 2947 679 3030 institarum,
695 2967 735 3012 ac
745 2953 932 3032 propterea
951 2946 1041 3010 inter
1063 2943 1182 3031 pidelan

74 3055 318 3121 matrimonium
336 3054 417 3119 dari
433 3074 500 3119 non
512 3073 616 3138 parra
637 3052 744 3136 “quin
762 3071 832 3118 uno
863 3052 1061 3136 eodemque
1094 3054 1181 3117 tem-

73 3175 149 3239 pore
161 3162 206 3226 sit
219 3165 509 3247 sacramentum„
528 3169 627 3247 atqua
641 3161 772 3227 idcirco
790 3161 976 3246 quamlibet
991 3161 1102 3228 aliam
1130 3161 1181 3225 in·

74 3269 335 3338 terciriatr'anoe
364 3270 433 3336 oiri
457 3275 489 3334 et
521 3269 678 3335 maliaria
698 3267 866 3352 “praeter
890 3269 1179 3352 sacramentum„

73 3378 330 3463 conjunctionem
346 3379 587 3464 cujuscumque
604 3377 707 3442 etiam
735 3377 820 3462 leuia
845 3377 1008 3442 ciciliani
1034 3375 1180 3462 factam,

72 3481 148 3547 aiiii
160 3483 257 3549 alind
269 3503 342 3550 aare
354 3483 423 3548 niti
440 3489 575 3568 turpem
589 3490 689 3568 atque
703 3482 880 3549 caitialem
906 3483 1179 3565 concubinatum,

72 3589 109 3652 ab
123 3589 273 3658 Ecciaria
291 3598 386 3657 tanto
403 3598 552 3678 tempora
569 3591 783 3674 damnatum,
801 3611 842 3657 aa
853 3591 1005 3676 proinde
1024 3611 1045 3654 a
1063 3591 1180 3676 conjn-

72 3697 135 3779 9oli
147 3698 282 3783 foedere
301 3697 591 3764 “sacramentum
614 3697 782 3782 separari
796 3716 980 3781 nunquam
1004 3714 1131 3782 paese„
1151 3702 1182 3762 at

73 3806 196 3873 omnino
207 3815 363 3893 spectare
376 3808 423 3873 ad
435 3806 612 3874 Ecclesiae
620 3815 828 3894 potestatem
844 3827 884 3872 aa
898 3806 1013 3871 omnia
1025 3806 1180 3870 decerna·

76 4049 244 4064 —-·-=———-

135 4240 178 4350 (1]ι
204 4289 278 4344 Seue.
292 4287 401 4355 XXlV,
414 4303 475 4342 ran.
489 4287 512 4342 l.

135 4361 168 4426 (2)
202 4357 239 4415 In
250 4359 349 4430 suppl.
362 4365 426 4415 tert.
441 4364 511 4428 part.
525 4363 635 4426 quaeat.
648 4360 681 4412 42
696 4363 747 4413 art.
762 4362 777 4412 3
791 4359 835 4412 ad.
847 4363 872 4414 i.
