3030 4990
722 730 984 798 ARTIOULUS
1002 733 1083 800 VII.

773 941 1013 996 SUHHARIUM.

340 1111 382 1163 bb.
402 1106 565 1162 Necessitas
577 1107 670 1160 cultus
680 1103 786 1173 publici
796 1107 883 1160 etlam
893 1104 923 1158 in
931 1107 1098 1160 etatnmere
1108 1107 1320 1162 naturalia-titt.
1339 1105 1446 1161 cuinam

411 1183 555 1246 competat
576 1177 716 1232 ordinatio
735 1177 859 1244 positiva
883 1175 1119 1242 religionis—bi.
1140 1180 1276 1234 Diversae
1299 1181 1447 1232 eententiae

410 1251 679 1318 exponentem-⁶8.
699 1247 774 1312 Quid
787 1249 823 1302 de
835 1249 892 1302 illle
905 1248 1001 1302 critice
1015 1249 1291 1318 judicandum-69.
1312 1249 1446 1314 Quaenam

410 1336 479 1391 prae
491 1321 555 1376 aliie
566 1321 691 1376 tenende
704 1322 753 1374 eit.

427 1501 482 1566 ὃὸ.
531 1499 757 1566 Necessitate
775 1499 961 1584 religionis
979 1502 1017 1566 in
1041 1505 1139 1567 statu
1164 1518 1287 1566 merae
1306 1505 1446 1566 naturae
1504 1511 1505 1578 1

339 1609 452 1673 semel
469 1607 713 1688 constabilita,
733 1614 843 1691 atque
857 1608 999 1690 Juribus
1024 1607 1226 1691 officiisque
1251 1608 1446 1691 Principum

339 1733 428 1798 erga
445 1715 658 1798 religionem
676 1715 881 1780 naturalem
907 1721 980 1782 tam
1006 1716 1189 1799 negativis
1207 1733 1316 1799 quam
1335 1715 1445 1798 positi-

340 1821 395 1887 vis
408 1826 465 1886 sat
482 1821 651 1903 delinitis,
666 1821 800 1905 duplex
818 1823 983 1906 quaestio
997 1822 1214 1907 inquirenda
1229 1829 1399 1904 remanet,
1414 1823 1446 1884 ut

339 1945 414 1993 rem
435 1933 546 1993 totam
564 1929 630 1993 sub
648 1934 799 2012 aspectu
817 1935 958 1996 tantum
975 1931 1148 2012 naturali,
1168 1930 1236 1994 hoc
1254 1935 1320 2012 est,
1353 1945 1444 2012 prae·

338 2034 536 2100 scindendo
550 2053 572 2099 a
587 2035 812 2101 revelatione
829 2037 1000 2120 positiva,
1033 2038 1280 2103 absolvamus.
1312 2035 1445 2117 Quaeri·

340 2147 398 2207 tur
411 2143 540 2208 denuo:
558 2139 608 2208 1.‘’
621 2161 668 2208 an
681 2145 910 2210 necessarius
925 2144 973 2208 sit
986 2145 1104 2209 cultus
1119 2143 1285 2226 publicus
1298 2145 1333 2210 in
1345 2143 1444 2208 socie·
1505 2165 1506 2206 l

340 2255 414 2315 tate
441 2251 540 2316 civili
558 2251 626 2315 rite
644 2251 852 2333 constituta;
872 2253 925 2316 29
943 2252 1132 2335 supposita
1149 2252 1246 2318 illius
1264 2251 1444 2317 necessita·

339 2363 387 2439 te,
406 2358 549 2424 cuinam
578 2364 762 2441 competat
790 2359 950 2441 positiva
968 2359 1149 2424 ordinatio
1179 2359 1363 2442 religionis
1389 2374 1443 2422 seu

340 2465 566 2547 organizatio
582 2465 701 2532 cultus
715 2465 863 2548 publici.

428 2573 554 2655 Quoad
572 2573 728 2682 prioxrem
747 2574 994 2657 quaestionem
1021 2574 1159 2657 absque
1178 2573 1251 2638 ullo
1265 2571 1443 2638 dubitatio·

338 2680 394 2745 nis
411 2698 545 2764 genero
559 2679 792 2746 asserendum
810 2684 866 2745 est
884 2680 961 2745 Deo
977 2679 1101 2746 deberi
1119 2681 1156 2745 in
1169 2681 1331 2764 qualibet
1344 2677 1442 2744 socic-

339 2793 415 2854 tate
426 2804 498 2852 non
513 2787 617 2852 modo
632 2788 767 2852 cultum
781 2792 985 2870 externum,
1000 2805 1128 2854 verum
1141 2788 1250 2852 ctiam
1261 2787 1441 2870 publicum;
1506 2789 1507 2833 ἒ

338 2897 450 2961 semel
463 2897 558 2960 enim
572 2895 731 2960 admissa
745 2896 965 2961 necessitate
977 2894 1165 2978 religionis
1175 2895 1353 2962 naturalis
1367 2897 1442 2957 tam·

339 3021 446 3086 quam
473 3002 669 3085 praecipuo
694 3003 904 3068 fulcimento
932 3004 1160 3085 moralitatis,
1180 3004 1282 3087 pacis
1311 3021 1353 3068 ac
1369 3009 1441 3066 tem·

339 3108 476 3191 puralis
493 3109 692 3189 felicitatis,
711 3109 865 3194 ideoque
882 3109 1099 3176 solidissimo
1129 3111 1316 3176 societatis
1333 3107 1441 3175 funda·

340 3219 474 3296 mento,
504 3216 613 3280 etiam
643 3216 877 3299 agnoscenda
905 3223 960 3282 est
990 3222 1027 3282 ut
1055 3218 1218 3300 legitima
1245 3215 1390 3300 sequela
1413 3215 1442 3276 et

339 3323 585 3388 necessarium
619 3325 884 3390 consectarium
919 3325 1118 3390 necessitas
1151 3325 1269 3390 cultus
1302 3321 1440 3408 publici:

339 3431 525 3496 enimvero
545 3448 617 3496 non
642 3432 846 3514 concipitur
874 3433 1002 3516 religio
1020 3433 1165 3498 socialia
1195 3432 1332 3514 absque
1358 3429 1442 3496 cultu

338 3539 464 3605 sociali
483 3552 519 3604 et
536 3539 693 3622 publico,
715 3539 774 3623 qui
804 3545 859 3604 est
887 3541 1005 3605 forma
1033 3540 1251 3624 adaequata,
1271 3535 1442 3623 expressio

339 3652 492 3712 externa
506 3653 616 3730 atque
630 3645 785 3711 medium
800 3648 987 3730 proprium
1001 3646 1117 3713 Deum
1132 3647 1274 3714 colendi
1288 3650 1325 3712 et
1338 3643 1444 3712 officia

339 3772 427 3836 erga
445 3753 682 3819 Divinitatem
700 3755 886 3838 implendi.

429 3861 555 3928 Cultus
573 3863 737 3946 publicus
755 3863 817 3928 ille
836 3864 979 3930 dicitur:
1000 3867 1058 3950 qui
1071 3867 1145 3932 Deo
1164 3866 1328 3932 tribuitur
1341 3881 1441 3930 coram

339 3971 499 4036 societate
523 3977 553 4035 ot
570 3972 612 4036 ab
630 3973 707 4056 ipsu
724 3973 884 4038 societate
900 3974 1022 4038 saliem
1039 3975 1344 4058 repraesentativa·
1359 3983 1441 4035 nunc

341 4093 428 4141 vero
442 4078 507 4142 sub
527 4083 678 4164 utroque
696 4087 864 4164 respectu
878 4081 954 4146 Deo
973 4082 1124 4148 debetur
1142 4083 1259 4148 cultus
1277 4079 1437 4166 publicus,

339 4187 419 4253 sive
437 4187 577 4252 ratione
594 4189 853 4272 auterioritutia,
872 4190 951 4256 sive
969 4192 1110 4257 ratione
1127 4193 1280 4280 subjecti.

429 4295 580 4363 Ratione
598 4299 859 4379 exterioritatis,
876 4299 972 4364 Deus
1001 4302 1174 4368 colendus
1200 4309 1255 4367 cst
1271 4300 1378 4389 cultu.
1386 4310 1437 4376 pu·
