3024 4994
769 377 947 440 ...204-

386 527 460 592 181.
509 524 651 592 Causae
664 525 842 592 clericales
856 524 1149 591 denominantur:
1170 522 1265 600 anc
1276 523 1312 590 in
1316 523 1402 611 judi·

295 635 520 720 candisntpnc
538 633 731 719 puniendis
759 633 918 699 ciuilibus
944 630 1159 700 (ibericorum
1184 631 1315 697 delictis
1341 651 1403 696 ncr-

295 748 429 824 snntur,
446 748 477 807 cl
494 741 628 808 sulione
646 741 877 807 immanitatis
888 737 1084 826 personalis
1094 739 1175 826 foro
1192 737 1404 804 ecclesiastico

303 855 509 934 competunt.

385 951 601 1037 Hujusmodi
617 971 753 1020 causas
770 951 877 1020 hodie
902 952 999 1037 apud
1016 970 1082 1018 nos
1110 950 1210 1019 haud
1233 954 1403 1032 ocurrunt,

297 1059 489 1146 siquidem,
508 1077 706 1144 suppresso
723 1060 803 1126 foro
821 1058 1072 1126 ecclesiastico
1090 1077 1137 1126 cx
1154 1058 1302 1126 decreto
1319 1057 1404 1126 unib-

295 1167 449 1234 cationis
469 1187 491 1234 a
516 1165 700 1234 Gubernio
718 1167 963 1234 Provisionali
980 1167 1038 1233 die
1061 1167 1311 1234 6Dscembris
1332 1167 1406 1232 anni

296 1275 383 1342 1868
398 1273 581 1360 expedito,
600 1279 636 1340 et
652 1279 781 1360 postea
797 1275 834 1342 in
859 1273 1022 1342 comitiis
1040 1273 1081 1340 19
1098 1273 1120 1340 J
1123 1275 1198 1340 unii
1217 1274 1302 1341 anni
1331 1273 1406 1339 1869

295 1383 436 1450 sancito
454 1390 563 1467 atque
580 1383 672 1466 legis
688 1382 817 1467 vigore
841 1382 991 1465 munito,
1011 1380 1144 1448 Clerici
1161 1382 1352 1465 cujuslibet
1366 1381 1406 1445 ci·

300 1489 385 1556 vilis
403 1489 565 1556 criminis
583 1489 637 1554 rei
654 1489 896 1555 tribunalibus
913 1488 1018 1555 laicis
1034 1488 1288 1571 subjiciuntur.

386 1597 461 1664 122.
511 1593 653 1663 Causae
670 1597 871 1664 criminales
887 1597 1139 1680 designantur:
1158 1597 1251 1664 llius
1279 1616 1359 1682 quac
1374 1595 1408 1660 lc

296 1705 547 1792 capnocccndic,
557 1706 767 1792 judicandis
779 1713 880 1792 alque
891 1705 1085 1792 plectendis
1102 1705 1305 1772 criminibus
1320 1704 1408 1771 ecclc·

296 1813 451 1879 sicilicis
466 1813 520 1880 bel
535 1813 657 1881 iniciis
667 1821 899 1900 pertractant

385 1917 600 2005 Priusquam
616 1938 706 1988 vero
732 1921 958 2006 generaliter
973 1925 1083 2006 atque
1099 1921 1298 2004 levissime,
1315 1922 1410 2006 prout

296 2029 368 2094 lert
390 2045 522 2114 scopus
541 2029 721 2112 ejusmodi
744 2028 1050 2113 Praelectionum,
1069 2028 1263 2096 definiatur
1280 2030 1408 2095 cuinam

172 2229 184 2234 ἡ
297 2141 480 2221 competat
497 2135 542 2204 do
562 2138 684 2204 causis
702 2138 952 2205 criminalibus
970 2139 1177 2224 intelligere
1195 2157 1239 2206 ac
1248 2137 1410 2223 jndicium

296 2243 406 2326 ferre,
425 2245 719 2328 praenotandum
736 2250 792 2312 est
810 2246 944 2312 delicta
957 2251 1057 2313 recte
1075 2245 1250 2331 distingui
1263 2263 1365 2330 possa
1378 2245 1409 2308 in

297 2352 540 2434 ecclesiastica,
555 2353 677 2419 cicilia
695 2357 732 2418 et
749 2355 875 2436 minim·
890 2359 1070 2421 vocantur
1084 2355 1316 2422 ecclesiastico
1327 2367 1409 2436 quae

297 2457 404 2524 fldem
435 2465 497 2524 aut
529 2460 743 2544 religionem
777 2462 915 2528 directe
945 2463 1107 2546 laedunt,
1140 2463 1191 2526 uti
1223 2459 1408 2546 apostasia,
1494 2549 1495 2566 ᾖ

296 2565 472 2650 haeresis,
491 2567 663 2652 schisma,
681 2569 849 2652 simonia,
870 2570 1016 2654 aliaque
1034 2569 1179 2651 similia;
1197 2569 1317 2636 cicilio
1338 2571 1411 2633 sunt

298 2691 391 2758 quae
418 2673 582 2741 ordinem
612 2675 788 2742 socialem
816 2679 879 2742 aut
907 2676 1169 2761 rempublicam
1195 2676 1332 2743 directe
1347 2675 1409 2740 lac·

298 2781 398 2866 dunt,
427 2787 517 2866 puta
546 2782 793 2866 homicidium,
812 2786 960 2867 lurtum,
980 2783 1184 2869 peculatus,
1204 2789 1241 2850 et
1267 2783 1410 2869 plurima

298 2889 372 2955 alia
388 2889 494 2973 hujus
518 2890 676 2974 generis;
698 2892 810 2958 minin
843 2891 985 2956 demum
1010 2890 1178 2958 dicuntur
1196 2909 1290 2976 quaa
1318 2886 1411 2958 simul

298 2996 485 3063 Ecclesiae
502 3001 538 3062 et
552 2996 668 3063 statui
686 3001 835 3081 nocent,
849 2997 918 3064 hoc
930 3003 999 3082 est,
1013 3001 1089 3065 turn
1106 2998 1269 3066 ordinem
1279 2996 1409 3081 religio·

298 3119 389 3184 sum,
407 3107 482 3168 tum
500 3103 664 3170 ordinem
683 3105 857 3170 socialem
875 3106 1104 3190 perturbant,
1125 3104 1326 3190 cujusmodi
1342 3121 1409 3171 cen*

298 3215 423 3276 sentur
435 3208 669 3295 adulterium,
689 3212 966 3296 concubinatus,
985 3213 1186 3297 sortilegia,
1205 3218 1411 3295 caeteraque

298 3317 424 3384 multa.
444 3317 649 3384 Praemisso
671 3319 742 3385 hac
756 3320 1000 3404 distinctione,
1021 3321 1304 3404 competentiam
1317 3318 1411 3404 juris·

299 3425 467 3492 dictionis
484 3426 521 3490 in
538 3425 673 3509 triplici
688 3443 775 3492 casu
791 3427 896 3494 linire
909 3445 968 3494 res
984 3427 1161 3494 facillima
1176 3433 1243 3494 est.

389 3532 440 3599 1.⁰
486 3531 624 3598 Causas
652 3531 696 3598 de
714 3533 857 3600 delictis
887 3535 1129 3602 ecclesiasticis
1148 3549 1366 3620 cognoscere
1381 3531 1411 3595 et

295 3639 462 3723 judicare
479 3640 566 3706 solis
579 3640 761 3722 judicibus
778 3641 1038 3707 ecclesiasticis
1072 3643 1183 3708 etiam
1202 3647 1330 3707 contra
1357 3636 1411 3704 lai·

299 3765 361 3813 cos
379 3748 563 3831 competit3
583 3748 677 3812 ratio
692 3747 801 3813 obvia
821 3753 888 3832 est,
908 3750 1041 3814 etenim
1058 3749 1128 3814 hoc
1146 3749 1183 3814 in
1201 3749 1411 3832 primocasu

296 3855 471 3938 judicium
489 3865 658 3921 verentur
682 3855 782 3920 circa
811 3873 887 3921 rem
916 3856 1155 3940 spiritualem,
1177 3856 1214 3921 id
1238 3863 1305 3940 est,
1324 3855 1411 3920 circa

300 3963 437 4028 crimen
455 3968 584 4028 contra
601 3963 708 4027 fldem
723 3968 786 4026 aut
799 3964 1013 4046 religionem
1031 3968 1231 4048 patratum.

389 4070 442 4135 29
489 4069 685 4136 Causando
701 4069 845 4136 delictis
862 4072 1022 4137 civilibus
1037 4086 1271 4155 cognoscere,
1286 4069 1409 4134 sontes-

301 4194 370 4261 que
382 4177 489 4260 justis
514 4195 557 4242 ac
585 4177 756 4258 congruis
773 4179 900 4260 poenis
931 4194 1104 4244 coercere
1117 4177 1300 4261 judicibus
1317 4171 1411 4240 laicis

300 4293 419 4356 contre
432 4286 542 4353 laicos
554 4285 740 4369 competit3
757 4283 912 4352 diximus
926 4294 1047 4355 contra
1060 4287 1180 4369 laicos,
1194 4285 1288 4370 quia,
1300 4297 1410 4367 qnam·
