3146 4980
606 376 785 434 -37‘1-

116 534 262 581 versus
280 517 482 600 Ecclesiae,
501 519 726 600 potissimum
743 538 832 585 vero
850 521 963 603 ipsius
995 522 1146 588 Romani
1164 523 1254 588 Pon-

116 623 234 688 tificis
254 626 470 690 sententias.
1194 660 1205 682 ·

231 730 313 794 242.
362 732 534 817 Da'sfusio.
570 729 737 814 Systema
776 733 948 798 Febronii
994 752 1121 799 ansam
1154 736 1254 802 dedit

117 837 360 916 gravissimis
378 837 562 902 erroribus
580 843 688 920 atque
705 840 903 904 innumeris
933 841 1049 922 malis,
1077 860 1171 923 quae
1190 843 1256 908 Ec·

119 943 268 1006 clasiae
282 944 482 1008 novissima
498 948 619 1008 aetate
635 945 818 1026 ingruere:
838 964 927 1027 opus
954 948 994 1012 de
1011 947 1112 1012 Statu
1136 949 1255 1014 Eccle-

119 1049 210 1130 siae,
232 1067 369 1131 magno
386 1049 505 1114 studio
522 1053 559 1114 et
576 1050 727 1115 artificio
745 1069 818 1116 non
835 1053 952 1120 minus
969 1070 1078 1134 quam
1096 1056 1255 1148 singula-

119 1157 152 1218 ri
169 1157 336 1238 perfidia
352 1175 397 1221 ac
414 1157 541 1221 fraude
559 1157 798 1241 elaboratum,
817 1159 886 1222 fuit
911 1161 1110 1225 communis
1143 1163 1255 1226 offici·

123 1281 171 1325 ua
188 1263 496 1345 Eybellianorum
510 1267 547 1328 et
559 1265 743 1345 copiosum
757 1268 1090 1346 armamentarium,
1113 1287 1159 1332 ex
1185 1287 1255 1350 quo

122 1371 358 1434 recentiores
371 1369 528 1434 Sanctae
541 1369 644 1434 Sedis
659 1370 782 1434 hostes
799 1390 865 1435 sua
880 1377 1095 1452 argumenta
1112 1391 1256 1436 sumere

122 1482 404 1542 consueverunt
417 1477 464 1541 ad
479 1477 728 1541 sacratissima
744 1477 932 1542 Ecclesiae
942 1479 1026 1559 jura
1038 1480 1255 1542 conculcan-

124 1583 172 1646 da
190 1589 308 1666 atque
322 1583 484 1650 divinam
496 1583 676 1647 Primatus
689 1583 868 1648 Pontificii
893 1585 1149 1650 auctoritatem
1178 1603 1253 1650 ma·

125 1690 226 1753 xime
241 1691 498 1772 frangendam.

218 1797 617 1879 Acceptatiopractioa
634 1801 670 1860 et
698 1796 844 1878 publica
874 1797 1053 1878 professio
1088 1815 1253 1862 errorum

125 1899 268 1966 Justiui
294 1902 465 1966 Febronii
498 1903 728 1966 occasionem
752 1902 966 1966 facillimam
996 1903 1164 1983 praebuit
1195 1921 1252 1967 su·

128 2009 271 2090 periori
303 2011 468 2073 centuria
494 2009 613 2074 crebis
641 2011 948 2091 usurpationibus·
979 2020 1016 2074 et
1050 2011 1253 2091 tyrannicis

128 2116 388 2180 exactionibus
401 2115 608 2197 Principum
622 2127 657 2180 et
670 2117 890 2180 Animorum:
917 2122 955 2179 et
970 2135 1058 2180 sane
1071 2117 1254 2198 principia

132 2219 417 2303 bujuaexitialis
435 2225 643 2306 systematis
657 2224 868 2305 amplexati,
884 2224 1083 2292 catholicos
1100 2224 1257 2287 insecta·

131 2328 519 2394 rietecolesiasticam
532 2330 822 2411 jurisdictionem
852 2330 1029 2394 invadere
1062 2329 1141 2392 ausi
1174 2335 1258 2392 sunt

130 2433 316 2518 Iosephus
333 2435 368 2500 II
381 2437 584 2517 Imperator
602 2437 782 2518 AustrIae,
798 2437 876 2517 ejus
888 2438 1004 2501 frater
1021 2436 1227 2518 Leopoldus
1242 2437 1258 2500 Ι

134 2557 290 2625 magnus
307 2543 391 2607 Dux
409 2543 578 2607 Etruriae
595 2561 639 2607 ac
651 2543 781 2607 deinde
794 2544 1010 2625 Imperator,
1040 2548 1076 2606 et
1102 2543 1257 2624 Neapoli

133 2650 282 2714 celeber
299 2650 464 2714 minister
479 2650 676 2732 Tannucci,
696 2651 797 2730 cujus
823 2651 1114 2732 praepotentiam
1149 2657 1185 2713 et
1205 2667 1262 2712 ar·

134 2755 402 2821 bitrariotatem
431 2756 496 2820 sub
514 2757 644 2821 minori
671 2763 792 2820 aetate
817 2758 912 2837 regis
930 2755 1151 2818 Eerdinandi
1178 2755 1195 2818 Ι
1225 2772 1261 2817 o·

134 2879 237 2928 mnes
255 2868 401 2927 norunt.

240 2969 318 3033 243.
385 2965 549 3036 Ceasar-a.
582 2969 711 3032 Totum
735 2969 988 3032 febronianum
1016 2985 1106 3048 opus
1135 2984 1260 3048 repro-

136 3072 260 3140 batum
278 3092 322 3139 ac
340 3075 548 3139 damnatum
575 3077 612 3142 in
645 3073 843 3139 Germania
871 3081 936 3156 est,
966 3075 1122 3155 publicis
1166 3073 1262 3137 datis

137 3179 282 3263 litteris,
317 3181 363 3246 ab
392 3181 687 3264 Archiepiscopis
718 3182 779 3245 vel
813 3179 1004 3263 Episcopis
1039 3181 1260 3262 Mogontino,

137 3286 360 3370 Trevirensi,
393 3287 612 3368 Coloniensi,
641 3288 828 3370 Pragensi,
864 3287 1139 3369 Bambergensi,
1171 3285 1262 3350 lion-

139 3396 339 3476 stantiensi,
353 3394 824 3477 Augustano,Frisingensi;
847 3395 1064 3477 praesertim
1086 3411 1175 3456 vero
1201 3391 1262 3454 da-

23 3521 24 3524 *
141 3507 301 3565 mnatum
315 3506 371 3566 est
389 3502 552 3582 pluribus
571 3501 726 3564 decretis
743 3500 878 3564 Sacrae
891 3499 1193 3582 Congregationis
1206 3496 1263 3561 In-

141 3605 242 3689 dicis,
256 3625 399 3689 nempe,
412 3607 454 3671 27
465 3607 571 3671 Febr.
593 3605 689 3685 1764,
705 3607 725 3669 3
738 3606 844 3669 Febr.
866 3606 966 3687 1766,
980 3606 1002 3669 4
1015 3605 1100 3669 Maii
1116 3603 1215 3685 1772,
1227 3608 1264 3668 et

141 3712 160 3774 3
175 3713 297 3779 Martii
315 3714 413 3793 1773;
433 3714 632 3778 tumeliam
649 3715 694 3776 ab
712 3713 791 3794 ipso
815 3713 976 3777 Romano
990 3713 1167 3777 Pontifioe
1183 3709 1262 3774 Ole-

141 3828 259 3885 mente
275 3821 365 3886 XIII
382 3823 496 3886 tribus
524 3821 700 3885 Brevibus
719 3819 777 3884 die
806 3819 849 3883 14
881 3820 1001 3884 Martii
1021 3818 1107 3882 1764
1141 3817 1261 3898 editis,

143 3943 291 4010 quorum
308 3930 463 4012 primum
477 3930 524 3993 ad
535 3928 740 3993 illectorem
757 3927 1005 4008 Mogontinum
1022 3925 1170 3988 missum
1192 3929 1262 4003 est,

144 4035 295 4102 alterum
311 4036 359 4101 ad
385 4035 653 4117 Trevirensem,
671 4034 818 4099 tertium
846 4033 893 4098 ad
917 4032 1141 4115 Episcopum
1171 4029 1262 4095 Her-

145 4137 378 4226 bipolensem.

228 4249 312 4333 Ipse
327 4249 527 4315 Eebronius
546 4267 636 4332 opus
652 4267 756 4312 suum
768 4245 995 4330 reprobavit,
1026 4261 1263 4326 errorumque
