3034 4990
771 361 953 420 ..362-

299 522 409 570 sensu
425 507 645 588 potestatem
658 521 752 585 esse,
771 503 906 572 docens
923 503 971 589 (1)
984 521 1069 570 suos
1083 505 1245 570 asseclas
1259 505 1424 588 regimen

299 609 490 677 Ecclesiae
502 628 583 676 esse
601 610 898 694 democraticum,
917 611 1054 694 quippe
1067 615 1145 676 tota
1172 615 1337 693 potestas
1368 617 1425 676 est

300 735 413 802 penes
442 717 724 798 multitudinem,
756 735 778 782 a
810 734 884 799 qua
908 716 1121 782 Pastoribus
1153 733 1218 780 seu
1249 717 1424 782 ministris

300 823 600 905 communicatur,
615 828 656 888 ut
671 823 784 906 ipsius
809 821 954 888 nomine
980 826 1017 888 et
1045 838 1225 888 consensu
1253 840 1420 888 exercea-

300 934 373 1012 tur;
391 947 439 994 ex
455 933 543 994 tunc
555 929 729 1011 temporis
745 927 907 1010 inquam,
919 945 1044 992 omnes
1057 928 1244 1009 neoterici,
1263 929 1325 1010 qui
1339 945 1419 1010 pro·

300 1035 476 1102 cudendis
487 1033 645 1117 propriis
657 1035 918 1115 systematibus
929 1051 1055 1100 curam
1067 1032 1332 1116 impenderunt,
1342 1034 1419 1099 sive

301 1141 511 1208 Richeriani
527 1157 572 1204 ac
591 1137 787 1222 Gallicani,
805 1139 885 1205 sive
902 1139 1124 1204 Febroniani
1143 1143 1181 1204 et
1195 1138 1419 1220 Janseniani,

300 1248 380 1313 sive
392 1247 601 1329 Regalistae
614 1250 651 1310 et
667 1244 868 1326 Liberales,
882 1245 948 1309 sub
966 1263 1038 1310 una
1053 1245 1116 1310 vel
1129 1245 1203 1311 alia
1216 1247 1344 1327 forma,
1360 1264 1418 1311 ve·

300 1371 382 1420 rum
405 1359 621 1436 conceptum
652 1355 818 1434 naturae,
846 1352 1127 1434 constitutionis,
1163 1356 1201 1417 et
1233 1370 1419 1436 supremae

300 1459 491 1526 Ecclesiae
503 1459 809 1542 independentiae
825 1458 1034 1541 depravare
1047 1463 1157 1542 atque
1172 1463 1418 1524 transvertere

299 1568 371 1632 nial
387 1571 483 1650 sunt,
513 1567 567 1631 uti
596 1566 827 1650 apertissime
865 1569 1022 1630 testatur
1052 1563 1214 1630 Historia
1244 1569 1419 1630 sectarum

300 1674 524 1739 novissimae
541 1674 687 1738 aetatis.

368 1779 446 1844 229.
498 1779 697 1846 otaracnr.
732 1779 984 1844 Protestantes
1017 1777 1128 1859 igitur
1157 1777 1254 1842 falsa
1292 1775 1419 1842 Sacrae

301 1883 513 1969 Scripturas
530 1885 840 1970 interpretatione
857 1884 1012 1966 suffulti,
1031 1901 1078 1949 ex
1095 1901 1138 1948 eo
1152 1883 1248 1966 qnod
1266 1881 1418 1948 Christus

301 1991 491 2074 Dominus,
501 1993 609 2074 juxta
626 1992 671 2057 D.
690 1992 849 2074 Petrum,
866 2009 932 2056 nos
949 1991 1037 2056 iecit
1051 1991 1171 2076 repaic
1184 1989 1420 2069 sacerdotium,

302 2115 369 2182 pro
386 2117 450 2164 suo
468 2099 574 2164 libitu
591 2098 768 2181 colligere
796 2103 833 2162 et
848 2113 1014 2162 asserere
1033 2115 1107 2162 non
1124 2096 1336 2162 dubitarunt
1351 2095 1417 2160 nni·

302 2222 450 2270 versam
478 2207 700 2287 potestatem
737 2201 1028 2268 ecclesiasticam
1058 2203 1194 2286 populo
1228 2203 1418 2268 christiano

303 2328 368 2375 seu
384 2311 530 2393 corpori
542 2309 702 2374 fidelium
716 2309 923 2374 immediate
937 2310 1049 2374 luisse
1062 2309 1247 2386 traditam;
1268 2310 1334 2376 sed
1345 2309 1419 2374 huic

303 2416 419 2480 errori
452 2415 549 2480 Juris
582 2415 718 2480 interni
749 2415 849 2480 circa
879 2415 1081 2498 perfectam
1114 2417 1359 2509 aequalitatem
1388 2433 1418 2480 o-

303 2521 440 2587 mnium
468 2519 627 2586 fidelium
644 2522 809 2586 versanti
833 2523 987 2586 miscere
1014 2523 1134 2588 solent
1161 2540 1306 2588 errores
1330 2523 1419 2587 Jnris

302 2627 453 2694 Enterni
477 2626 758 2710 dependentium
775 2627 963 2692 Ecclesiae
980 2647 1004 2692 a
1020 2629 1122 2694 civili
1138 2634 1321 2712 potestate
1344 2646 1417 2692 con·

303 2736 519 2814 clamantes;
554 2733 688 2800 etenim
720 2733 854 2817 quique
878 2733 1083 2799 Novatores
1115 2735 1269 2800 audiunt
1297 2734 1418 2816 dogma

304 2841 525 2906 catholicum
552 2840 597 2904 de
618 2840 834 2926 perfectione
863 2858 957 2924 quae
985 2840 1145 2922 juridice
1173 2842 1347 2924 competit
1369 2856 1418 2904 sc·

304 2947 430 3012 cietati
447 2965 469 3010 a
486 2943 629 3011 Christo
662 2945 843 3028 conditae,
874 2965 1005 3030 magno
1037 2948 1174 3031 impetu
1198 2949 1417 3026 adoriuntur,

304 3057 341 3117 et
357 3053 502 3117 omnino
520 3059 726 3135 pernegant
744 3051 947 3118 Ecclesiam
964 3071 1045 3118 esse
1071 3073 1118 3118 ex
1134 3071 1177 3119 eo
1210 3073 1344 3137 genere
1370 3071 1419 3120 so·

305 3158 490 3237 cietatum,
510 3174 600 3238 quas
613 3158 813 3241 inaequales
824 3175 888 3222 seu
906 3157 1025 3224 Statua
1037 3160 1193 3240 juristae
1226 3161 1419 3244 appellant,

304 3263 366 3328 ubi
383 3279 514 3345 nempe
530 3263 594 3327 alii
611 3269 696 3328 sunt
709 3263 769 3347 qui
788 3265 985 3350 imperium,
1007 3271 1045 3329 et
1066 3265 1156 3332 illud
1173 3267 1318 3350 quidem
1338 3289 1419 3333 mm·

308 3392 401 3436 num
419 3382 529 3451 atque
547 3371 781 3454 independens
795 3377 980 3451 exercent,
1000 3372 1116 3436 etalii
1140 3390 1294 3456 quorum
1316 3374 1420 3438 omnis

305 3479 425 3561 gloria
438 3479 475 3542 in
495 3476 697 3543 obediendo
715 3477 786 3542 sita
799 3483 867 3560 est;
883 3495 1007 3542 omnes
1020 3480 1191 3546 effutiunt
1203 3485 1240 3545 et
1252 3499 1344 3547 voce
1356 3480 1419 3546 ela·

306 3589 346 3649 ta
370 3584 639 3650 conclamitant
655 3584 858 3650 Ecclesiam
882 3584 1040 3665 iuridice
1056 3590 1259 3668 spectatam
1291 3591 1421 3652 tentum

306 3692 471 3758 obtinere
489 3691 613 3754 locum
629 3707 673 3754 ac
686 3689 931 3754 conditionem
941 3691 1199 3776 quuscumque
1211 3693 1275 3756 alii
1288 3689 1422 3774 collegii

305 3804 369 3865 eut
386 3797 671 3865 consociationis
685 3795 938 3878 imperfectae,
959 3814 1068 3878 quam
1081 3813 1270 3862 erroneam
1302 3795 1421 3864 doctri·

305 3923 389 3970 nam
402 3906 457 3970 his
476 3904 599 3969 verbis
614 3903 826 3986 complexus
839 3909 895 3968 est
909 3904 931 3968 J
935 3911 1034 3970 ustus
1046 3905 1247 3988 Hennigius
1260 3903 1420 3970 Boehme·

306 4030 380 4077 rus:
402 4013 521 4079 “Sicut
534 4013 608 4078 alia
625 4011 790 4095 collegia
805 4012 844 4077 in
860 4010 1077 4078 civitatibus
1089 4011 1284 4078 societates
1301 4025 1420 4092 aequa·

306 4141 493 4151 ———--—.

382 4260 417 4325 tl)
453 4257 515 4312 Lib.
534 4258 565 4312 de
576 4258 680 4329 Captis.
693 4255 795 4328 salpi.
