<?xml version="1.0" encoding="UTF-8"?>
<!DOCTYPE html PUBLIC "-//W3C//DTD XHTML 1.0 Transitional//EN"
    "http://www.w3.org/TR/xhtml1/DTD/xhtml1-transitional.dtd">
<html xmlns="http://www.w3.org/1999/xhtml" xml:lang="en" lang="en">
 <head>
  <title>
</title>
<meta http-equiv="Content-Type" content="text/html;charset=utf-8" />
  <meta name='ocr-system' content='tesseract 3.04.00' />
  <meta name='ocr-capabilities' content='ocr_page ocr_carea ocr_par ocr_line ocrx_word'/>
</head>
<body>
  <div class='ocr_page' id='page_1' title='image "./juspublicumeccl01ferngoog_0067.png"; bbox 0 0 3120 4988; ppageno 0'>
   <div class='ocr_carea' id='block_1_1' title="bbox 802 395 958 456">
    <p class='ocr_par' dir='ltr' id='par_1_1' title="bbox 802 395 958 456">
     <span class='ocr_line' id='line_1_1' title="bbox 802 395 958 456; baseline 0 -14"><span class='ocrx_word' id='word_1_1' title='bbox 802 395 958 456; x_wconf 72' lang='lat'>..43-</span> 
     </span>
    </p>
   </div>
   <div class='ocr_carea' id='block_1_2' title="bbox 318 538 1557 1270">
    <p class='ocr_par' dir='ltr' id='par_1_2' title="bbox 318 538 1557 1270">
     <span class='ocr_line' id='line_1_2' title="bbox 320 538 1544 633; baseline 0 -27"><span class='ocrx_word' id='word_1_2' title='bbox 320 538 422 622; x_wconf 79' lang='lat' dir='ltr'>Quod</span> <span class='ocrx_word' id='word_1_3' title='bbox 440 545 559 606; x_wconf 89' lang='lat' dir='ltr'>autem</span> <span class='ocrx_word' id='word_1_4' title='bbox 592 541 780 606; x_wconf 80' lang='lat' dir='ltr'><strong>Ecclesiae</strong></span> <span class='ocrx_word' id='word_1_5' title='bbox 798 544 982 623; x_wconf 81' lang='lat' dir='ltr'>competat</span> <span class='ocrx_word' id='word_1_6' title='bbox 1008 557 1179 625; x_wconf 88' lang='lat' dir='ltr'>suprema</span> <span class='ocrx_word' id='word_1_7' title='bbox 1207 544 1370 624; x_wconf 89' lang='lat' dir='ltr'>potestas</span> <span class='ocrx_word' id='word_1_8' title='bbox 1404 541 1440 606; x_wconf 88' lang='lat' dir='ltr'>in</span> <span class='ocrx_word' id='word_1_9' title='bbox 1538 622 1544 633; x_wconf 36' lang='grc' dir='ltr'>Ι</span> 
     </span>
     <span class='ocr_line' id='line_1_3' title="bbox 318 647 1557 733; baseline 0.001 -20"><span class='ocrx_word' id='word_1_10' title='bbox 318 666 384 714; x_wconf 89' lang='lat' dir='ltr'>suo</span> <span class='ocrx_word' id='word_1_11' title='bbox 402 648 527 715; x_wconf 90' lang='lat' dir='ltr'>ordine</span> <span class='ocrx_word' id='word_1_12' title='bbox 556 648 804 731; x_wconf 79' lang='lat' dir='ltr'>independens</span> <span class='ocrx_word' id='word_1_13' title='bbox 822 647 1008 732; x_wconf 89' lang='lat' dir='ltr'>obligandi</span> <span class='ocrx_word' id='word_1_14' title='bbox 1032 665 1097 731; x_wconf 90' lang='lat' dir='ltr'>per</span> <span class='ocrx_word' id='word_1_15' title='bbox 1114 649 1227 733; x_wconf 85' lang='lat' dir='ltr'>leges,</span> <span class='ocrx_word' id='word_1_16' title='bbox 1252 647 1440 730; x_wconf 89' lang='lat' dir='ltr'>judicandi</span> <span class='ocrx_word' id='word_1_17' title='bbox 1540 675 1557 709; x_wconf 47' lang='lat'>.*</span> 
     </span>
     <span class='ocr_line' id='line_1_4' title="bbox 319 756 1545 842; baseline -0.002 -19"><span class='ocrx_word' id='word_1_18' title='bbox 319 762 356 823; x_wconf 91' lang='lat' dir='ltr'>et</span> <span class='ocrx_word' id='word_1_19' title='bbox 371 759 543 842; x_wconf 90' lang='lat' dir='ltr'>puniendi</span> <span class='ocrx_word' id='word_1_20' title='bbox 561 758 722 824; x_wconf 89' lang='lat' dir='ltr'>subditos</span> <span class='ocrx_word' id='word_1_21' title='bbox 754 776 838 824; x_wconf 88' lang='lat' dir='ltr'>suos</span> <span class='ocrx_word' id='word_1_22' title='bbox 856 776 927 822; x_wconf 91' lang='lat' dir='ltr'>non</span> <span class='ocrx_word' id='word_1_23' title='bbox 941 757 1045 823; x_wconf 93' lang='lat' dir='ltr'>modo</span> <span class='ocrx_word' id='word_1_24' title='bbox 1060 775 1125 842; x_wconf 91' lang='lat' dir='ltr'>per</span> <span class='ocrx_word' id='word_1_25' title='bbox 1143 756 1389 841; x_wconf 88' lang='lat' dir='ltr'>poenitentias</span> <span class='ocrx_word' id='word_1_26' title='bbox 1404 760 1440 820; x_wconf 92' lang='lat' dir='ltr'>et</span> <span class='ocrx_word' id='word_1_27' title='bbox 1541 786 1545 799; x_wconf 91' lang='lat'><strong>·</strong></span> 
     </span>
     <span class='ocr_line' id='line_1_5' title="bbox 319 859 1557 948; baseline -0.003 -18"><span class='ocrx_word' id='word_1_28' title='bbox 319 883 505 948; x_wconf 87' lang='lat' dir='ltr'>censuras,</span> <span class='ocrx_word' id='word_1_29' title='bbox 524 883 563 931; x_wconf 90' lang='lat' dir='ltr'>se</span> <span class='ocrx_word' id='word_1_30' title='bbox 576 866 686 931; x_wconf 90' lang='lat' dir='ltr'>etiam</span> <span class='ocrx_word' id='word_1_31' title='bbox 703 866 882 948; x_wconf 82' lang='lat' dir='ltr'>coactive,</span> <span class='ocrx_word' id='word_1_32' title='bbox 898 865 965 930; x_wconf 90' lang='lat' dir='ltr'>boo</span> <span class='ocrx_word' id='word_1_33' title='bbox 982 871 1036 930; x_wconf 88' lang='lat' dir='ltr'>est</span> <span class='ocrx_word' id='word_1_34' title='bbox 1055 865 1180 948; x_wconf 88' lang='lat' dir='ltr'>poeuis</span> <span class='ocrx_word' id='word_1_35' title='bbox 1196 863 1439 929; x_wconf 81' lang='lat' dir='ltr'>exterioribus</span> <span class='ocrx_word' id='word_1_36' title='bbox 1541 859 1557 947; x_wconf 27' lang='lat' dir='ltr'>i*</span> 
     </span>
     <span class='ocr_line' id='line_1_6' title="bbox 319 971 1380 1055; baseline -0.003 -18"><span class='ocrx_word' id='word_1_37' title='bbox 319 977 355 1037; x_wconf 89' lang='lat' dir='ltr'>et</span> <span class='ocrx_word' id='word_1_38' title='bbox 371 973 577 1037; x_wconf 78' lang='lat' dir='ltr'>salubribus</span> <span class='ocrx_word' id='word_1_39' title='bbox 595 972 778 1055; x_wconf 83' lang='lat' dir='ltr'>adhibitis,</span> <span class='ocrx_word' id='word_1_40' title='bbox 793 973 913 1054; x_wconf 89' lang='lat' dir='ltr'>eapite</span> <span class='ocrx_word' id='word_1_41' title='bbox 931 971 966 1036; x_wconf 91' lang='lat' dir='ltr'>Il</span> <span class='ocrx_word' id='word_1_42' title='bbox 984 973 1097 1037; x_wconf 79' lang='lat' dir='ltr'>fusius</span> <span class='ocrx_word' id='word_1_43' title='bbox 1111 971 1334 1036; x_wconf 88' lang='lat' dir='ltr'>ostendetur.</span> <span class='ocrx_word' id='word_1_44' title='bbox 1367 1003 1380 1026; x_wconf 88' lang='lat'><strong>·</strong></span> 
     </span>
     <span class='ocr_line' id='line_1_7' title="bbox 409 1076 1440 1162; baseline -0.006 -16"><span class='ocrx_word' id='word_1_45' title='bbox 409 1077 551 1161; x_wconf 88' lang='lat' dir='ltr'>Object.</span> <span class='ocrx_word' id='word_1_46' title='bbox 570 1079 623 1144; x_wconf 53' lang='lat'>3!</span> <span class='ocrx_word' id='word_1_47' title='bbox 668 1079 832 1144; x_wconf 82' lang='lat' dir='ltr'>Societas</span> <span class='ocrx_word' id='word_1_48' title='bbox 849 1079 1015 1162; x_wconf 86' lang='lat' dir='ltr'>perlecta</span> <span class='ocrx_word' id='word_1_49' title='bbox 1036 1096 1101 1160; x_wconf 91' lang='lat' dir='ltr'>pro</span> <span class='ocrx_word' id='word_1_50' title='bbox 1115 1079 1290 1143; x_wconf 91' lang='lat' dir='ltr'>exercitio</span> <span class='ocrx_word' id='word_1_51' title='bbox 1307 1076 1440 1160; x_wconf 87' lang='lat' dir='ltr'>plenae</span> 
     </span>
     <span class='ocr_line' id='line_1_8' title="bbox 318 1162 1548 1270; baseline -0.004 -18"><span class='ocrx_word' id='word_1_52' title='bbox 318 1187 580 1270; x_wconf 90' lang='lat' dir='ltr'>jurisdictionis</span> <span class='ocrx_word' id='word_1_53' title='bbox 598 1185 736 1268; x_wconf 88' lang='lat' dir='ltr'>indiget</span> <span class='ocrx_word' id='word_1_54' title='bbox 749 1186 935 1251; x_wconf 87' lang='lat' dir='ltr'>territorio</span> <span class='ocrx_word' id='word_1_55' title='bbox 964 1183 1126 1268; x_wconf 88' lang='lat' dir='ltr'>proprio,</span> <span class='ocrx_word' id='word_1_56' title='bbox 1157 1203 1262 1249; x_wconf 89' lang='lat' dir='ltr'>nemo</span> <span class='ocrx_word' id='word_1_57' title='bbox 1280 1185 1376 1250; x_wconf 90' lang='lat' dir='ltr'>enim</span> <span class='ocrx_word' id='word_1_58' title='bbox 1404 1185 1440 1248; x_wconf 92' lang='lat' dir='ltr'>in</span> <span class='ocrx_word' id='word_1_59' title='bbox 1542 1162 1548 1193; x_wconf 71' lang='lat'>²</span> 
     </span>
    </p>
   </div>
   <div class='ocr_carea' id='block_1_3' title="bbox 319 1290 1557 1484">
    <p class='ocr_par' dir='ltr' id='par_1_3' title="bbox 319 1290 1557 1484">
     <span class='ocr_line' id='line_1_9' title="bbox 320 1290 1548 1381; baseline -0.003 -23"><span class='ocrx_word' id='word_1_60' title='bbox 320 1295 502 1360; x_wconf 90' lang='lat' dir='ltr'>territorio</span> <span class='ocrx_word' id='word_1_61' title='bbox 521 1293 641 1358; x_wconf 91' lang='lat' dir='ltr'>alieno</span> <span class='ocrx_word' id='word_1_62' title='bbox 660 1297 879 1375; x_wconf 88' lang='lat' dir='ltr'>potestatem</span> <span class='ocrx_word' id='word_1_63' title='bbox 898 1293 1012 1358; x_wconf 89' lang='lat' dir='ltr'>libere</span> <span class='ocrx_word' id='word_1_64' title='bbox 1032 1309 1206 1357; x_wconf 88' lang='lat' dir='ltr'>exercere</span> <span class='ocrx_word' id='word_1_65' title='bbox 1224 1296 1344 1374; x_wconf 91' lang='lat' dir='ltr'>potest</span> <span class='ocrx_word' id='word_1_66' title='bbox 1371 1290 1439 1356; x_wconf 89' lang='lat' dir='ltr'>nisi</span> <span class='ocrx_word' id='word_1_67' title='bbox 1541 1370 1548 1381; x_wconf 37' lang='grc' dir='ltr'>Ι</span> 
     </span>
     <span class='ocr_line' id='line_1_10' title="bbox 319 1396 1557 1484; baseline -0.004 -18"><span class='ocrx_word' id='word_1_68' title='bbox 319 1419 399 1466; x_wconf 91' lang='lat' dir='ltr'>oum</span> <span class='ocrx_word' id='word_1_69' title='bbox 417 1401 654 1483; x_wconf 85' lang='lat' dir='ltr'>permissione</span> <span class='ocrx_word' id='word_1_70' title='bbox 672 1401 732 1466; x_wconf 90' lang='lat' dir='ltr'>vel</span> <span class='ocrx_word' id='word_1_71' title='bbox 749 1399 992 1484; x_wconf 88' lang='lat' dir='ltr'>dependentia</span> <span class='ocrx_word' id='word_1_72' title='bbox 1009 1417 1032 1463; x_wconf 89' lang='lat' dir='ltr'>a</span> <span class='ocrx_word' id='word_1_73' title='bbox 1050 1399 1206 1480; x_wconf 90' lang='lat' dir='ltr'>domino;</span> <span class='ocrx_word' id='word_1_74' title='bbox 1240 1399 1343 1482; x_wconf 90' lang='lat' dir='ltr'>atqui</span> <span class='ocrx_word' id='word_1_75' title='bbox 1375 1397 1440 1464; x_wconf 88' lang='lat' dir='ltr'>Eo·</span> <span class='ocrx_word' id='word_1_76' title='bbox 1544 1396 1557 1412; x_wconf 69' lang='lat'>&#39;‘</span> 
     </span>
    </p>
   </div>
   <div class='ocr_carea' id='block_1_4' title="bbox 319 1505 1557 1603">
    <p class='ocr_par' dir='ltr' id='par_1_4' title="bbox 319 1505 1557 1603">
     <span class='ocr_line' id='line_1_11' title="bbox 319 1505 1557 1603; baseline -0.004 -30"><span class='ocrx_word' id='word_1_77' title='bbox 319 1509 433 1573; x_wconf 90' lang='lat' dir='ltr'>olesia</span> <span class='ocrx_word' id='word_1_78' title='bbox 450 1508 635 1573; x_wconf 87' lang='lat' dir='ltr'>territorio</span> <span class='ocrx_word' id='word_1_79' title='bbox 665 1508 814 1592; x_wconf 89' lang='lat' dir='ltr'>proprio</span> <span class='ocrx_word' id='word_1_80' title='bbox 843 1513 956 1588; x_wconf 86' lang='lat' dir='ltr'>caret,</span> <span class='ocrx_word' id='word_1_81' title='bbox 976 1506 1153 1591; x_wconf 90' lang='lat' dir='ltr'>siquidem</span> <span class='ocrx_word' id='word_1_82' title='bbox 1182 1506 1228 1571; x_wconf 87' lang='lat' dir='ltr'>ud</span> <span class='ocrx_word' id='word_1_83' title='bbox 1257 1505 1441 1590; x_wconf 88' lang='lat' dir='ltr'>principes</span> <span class='ocrx_word' id='word_1_84' title='bbox 1544 1543 1557 1603; x_wconf 26' lang='grc' dir='ltr'>,κ</span> 
     </span>
    </p>
   </div>
   <div class='ocr_carea' id='block_1_5' title="bbox 319 1615 1128 1700">
    <p class='ocr_par' dir='ltr' id='par_1_5' title="bbox 319 1615 1128 1700">
     <span class='ocr_line' id='line_1_12' title="bbox 319 1615 1128 1700; baseline -0.004 -19"><span class='ocrx_word' id='word_1_85' title='bbox 319 1617 490 1700; x_wconf 90' lang='lat' dir='ltr'>pertinet;</span> <span class='ocrx_word' id='word_1_86' title='bbox 510 1633 597 1698; x_wconf 87' lang='lat' dir='ltr'>ergo</span> <span class='ocrx_word' id='word_1_87' title='bbox 616 1633 687 1681; x_wconf 93' lang='lat' dir='ltr'>non</span> <span class='ocrx_word' id='word_1_88' title='bbox 707 1620 762 1681; x_wconf 87' lang='lat' dir='ltr'>est</span> <span class='ocrx_word' id='word_1_89' title='bbox 779 1617 935 1681; x_wconf 87' lang='lat' dir='ltr'>societas</span> <span class='ocrx_word' id='word_1_90' title='bbox 952 1615 1128 1699; x_wconf 85' lang='lat' dir='ltr'>perfecta.</span> 
     </span>
    </p>
   </div>
   <div class='ocr_carea' id='block_1_6' title="bbox 321 1720 1557 1927">
    <p class='ocr_par' dir='ltr' id='par_1_6' title="bbox 321 1720 1557 1927">
     <span class='ocr_line' id='line_1_13' title="bbox 408 1720 1557 1807; baseline 0.001 -19"><span class='ocrx_word' id='word_1_91' title='bbox 408 1723 502 1806; x_wconf 87' lang='lat' dir='ltr'>Resp</span> <span class='ocrx_word' id='word_1_92' title='bbox 535 1725 629 1790; x_wconf 87' lang='lat' dir='ltr'>Dist.</span> <span class='ocrx_word' id='word_1_93' title='bbox 653 1724 748 1804; x_wconf 87' lang='lat' dir='ltr'>maj.:</span> <span class='ocrx_word' id='word_1_94' title='bbox 763 1722 901 1807; x_wconf 89' lang='lat' dir='ltr'>indiget</span> <span class='ocrx_word' id='word_1_95' title='bbox 917 1722 1101 1788; x_wconf 87' lang='lat' dir='ltr'>territorio</span> <span class='ocrx_word' id='word_1_96' title='bbox 1132 1726 1316 1803; x_wconf 87' lang='lat' dir='ltr'>tamquam</span> <span class='ocrx_word' id='word_1_97' title='bbox 1344 1720 1439 1800; x_wconf 90' lang='lat' dir='ltr'>loco,</span> <span class='ocrx_word' id='word_1_98' title='bbox 1543 1748 1557 1789; x_wconf 82' lang='lat' dir='ltr'>r</span> 
     </span>
     <span class='ocr_line' id='line_1_14' title="bbox 321 1827 1557 1927; baseline -0.003 -31"><span class='ocrx_word' id='word_1_99' title='bbox 321 1830 380 1896; x_wconf 90' lang='lat' dir='ltr'>ubi</span> <span class='ocrx_word' id='word_1_100' title='bbox 398 1831 445 1896; x_wconf 90' lang='lat' dir='ltr'>ad</span> <span class='ocrx_word' id='word_1_101' title='bbox 476 1831 591 1896; x_wconf 89' lang='lat' dir='ltr'>instar</span> <span class='ocrx_word' id='word_1_102' title='bbox 624 1831 811 1896; x_wconf 89' lang='lat' dir='ltr'>servitutis</span> <span class='ocrx_word' id='word_1_103' title='bbox 838 1832 984 1896; x_wconf 78' lang='lat' dir='ltr'>activae</span> <span class='ocrx_word' id='word_1_104' title='bbox 999 1831 1058 1912; x_wconf 91' lang='lat' dir='ltr'>jus</span> <span class='ocrx_word' id='word_1_105' title='bbox 1087 1829 1222 1894; x_wconf 86' lang='lat' dir='ltr'>babeat</span> <span class='ocrx_word' id='word_1_106' title='bbox 1246 1827 1441 1893; x_wconf 89' lang='lat' dir='ltr'>exercendi</span> <span class='ocrx_word' id='word_1_107' title='bbox 1545 1844 1557 1927; x_wconf 23' lang='grc' dir='ltr'>ΙΝ</span> 
     </span>
    </p>
   </div>
   <div class='ocr_carea' id='block_1_7' title="bbox 315 1935 1441 2020">
    <p class='ocr_par' dir='ltr' id='par_1_7' title="bbox 315 1935 1441 2020">
     <span class='ocr_line' id='line_1_15' title="bbox 315 1935 1441 2020; baseline -0.002 -20"><span class='ocrx_word' id='word_1_108' title='bbox 315 1937 604 2017; x_wconf 86' lang='lat' dir='ltr'>jurisdictionem</span> <span class='ocrx_word' id='word_1_109' title='bbox 621 1955 736 2020; x_wconf 89' lang='lat' dir='ltr'>suam,</span> <span class='ocrx_word' id='word_1_110' title='bbox 756 1939 792 2003; x_wconf 96' lang='lat' dir='ltr'>in</span> <span class='ocrx_word' id='word_1_111' title='bbox 810 1938 879 2003; x_wconf 92' lang='lat' dir='ltr'>hoo</span> <span class='ocrx_word' id='word_1_112' title='bbox 893 1955 1000 2002; x_wconf 88' lang='lat' dir='ltr'>sensu</span> <span class='ocrx_word' id='word_1_113' title='bbox 1019 1958 1127 2018; x_wconf 81' lang='lat' dir='ltr'>coac,</span> <span class='ocrx_word' id='word_1_114' title='bbox 1143 1935 1282 2019; x_wconf 86' lang='lat' dir='ltr'>indiget</span> <span class='ocrx_word' id='word_1_115' title='bbox 1299 1935 1441 2000; x_wconf 90' lang='lat' dir='ltr'>territo·</span> 
     </span>
    </p>
   </div>
   <div class='ocr_carea' id='block_1_8' title="bbox 319 2043 1552 2137">
    <p class='ocr_par' dir='ltr' id='par_1_8' title="bbox 319 2043 1552 2137">
     <span class='ocr_line' id='line_1_16' title="bbox 319 2043 1552 2137; baseline -0.001 -28"><span class='ocrx_word' id='word_1_116' title='bbox 319 2045 372 2110; x_wconf 90' lang='lat' dir='ltr'>rio</span> <span class='ocrx_word' id='word_1_117' title='bbox 391 2049 574 2128; x_wconf 89' lang='lat' dir='ltr'>tamquam</span> <span class='ocrx_word' id='word_1_118' title='bbox 593 2043 750 2110; x_wconf 92' lang='lat' dir='ltr'>dominio</span> <span class='ocrx_word' id='word_1_119' title='bbox 780 2047 880 2111; x_wconf 89' lang='lat' dir='ltr'>civili</span> <span class='ocrx_word' id='word_1_120' title='bbox 895 2046 955 2110; x_wconf 91' lang='lat' dir='ltr'>vel</span> <span class='ocrx_word' id='word_1_121' title='bbox 974 2045 1136 2128; x_wconf 87' lang='lat' dir='ltr'>politico,</span> <span class='ocrx_word' id='word_1_122' title='bbox 1170 2045 1209 2108; x_wconf 92' lang='lat' dir='ltr'>in</span> <span class='ocrx_word' id='word_1_123' title='bbox 1240 2043 1309 2108; x_wconf 88' lang='lat' dir='ltr'>hac</span> <span class='ocrx_word' id='word_1_124' title='bbox 1339 2060 1441 2108; x_wconf 89' lang='lat' dir='ltr'>acco·</span> <span class='ocrx_word' id='word_1_125' title='bbox 1546 2110 1552 2137; x_wconf 40' lang='grc' dir='ltr'><strong>ἲ</strong></span> 
     </span>
    </p>
   </div>
   <div class='ocr_carea' id='block_1_9' title="bbox 319 2151 1441 2237">
    <p class='ocr_par' dir='ltr' id='par_1_9' title="bbox 319 2151 1441 2237">
     <span class='ocr_line' id='line_1_17' title="bbox 319 2151 1441 2237; baseline -0.002 -19"><span class='ocrx_word' id='word_1_126' title='bbox 319 2153 596 2237; x_wconf 89' lang='lat' dir='ltr'>ptionedominii</span> <span class='ocrx_word' id='word_1_127' title='bbox 613 2154 752 2237; x_wconf 87' lang='lat' dir='ltr'>proprii</span> <span class='ocrx_word' id='word_1_128' title='bbox 766 2155 844 2220; x_wconf 89' lang='lat' dir='ltr'>sive</span> <span class='ocrx_word' id='word_1_129' title='bbox 855 2154 974 2218; x_wconf 89' lang='lat' dir='ltr'>civilis</span> <span class='ocrx_word' id='word_1_130' title='bbox 987 2154 1066 2218; x_wconf 88' lang='lat' dir='ltr'>sive</span> <span class='ocrx_word' id='word_1_131' title='bbox 1080 2153 1221 2236; x_wconf 87' lang='lat' dir='ltr'>politici</span> <span class='ocrx_word' id='word_1_132' title='bbox 1234 2153 1269 2217; x_wconf 92' lang='lat' dir='ltr'>in</span> <span class='ocrx_word' id='word_1_133' title='bbox 1282 2151 1441 2234; x_wconf 83' lang='lat' dir='ltr'>aliquam</span> 
     </span>
    </p>
   </div>
   <div class='ocr_carea' id='block_1_10' title="bbox 320 2261 1549 2347">
    <p class='ocr_par' dir='ltr' id='par_1_10' title="bbox 320 2261 1549 2347">
     <span class='ocr_line' id='line_1_18' title="bbox 320 2261 1549 2347; baseline -0.003 -19"><span class='ocrx_word' id='word_1_134' title='bbox 320 2263 518 2347; x_wconf 87' lang='lat' dir='ltr'>regionem,</span> <span class='ocrx_word' id='word_1_135' title='bbox 539 2263 589 2328; x_wconf 88' lang='lat' dir='ltr'>uti</span> <span class='ocrx_word' id='word_1_136' title='bbox 607 2263 825 2328; x_wconf 90' lang='lat' dir='ltr'>conditionis</span> <span class='ocrx_word' id='word_1_137' title='bbox 859 2263 1091 2328; x_wconf 87' lang='lat' dir='ltr'>necessariae</span> <span class='ocrx_word' id='word_1_138' title='bbox 1123 2263 1171 2327; x_wconf 88' lang='lat' dir='ltr'>ad</span> <span class='ocrx_word' id='word_1_139' title='bbox 1199 2261 1443 2326; x_wconf 88' lang='lat' dir='ltr'>exercendam</span> <span class='ocrx_word' id='word_1_140' title='bbox 1544 2298 1549 2307; x_wconf 93' lang='lat'>·</span> 
     </span>
    </p>
   </div>
   <div class='ocr_carea' id='block_1_11' title="bbox 316 2371 1447 4500">
    <p class='ocr_par' dir='ltr' id='par_1_11' title="bbox 316 2371 734 2456">
     <span class='ocr_line' id='line_1_19' title="bbox 316 2371 734 2456; baseline -0.007 -20"><span class='ocrx_word' id='word_1_141' title='bbox 316 2371 618 2454; x_wconf 88' lang='lat' dir='ltr'>jurisdictionem,</span> <span class='ocrx_word' id='word_1_142' title='bbox 638 2391 734 2456; x_wconf 77' lang='lat' dir='ltr'>nepo.</span> 
     </span>
    </p>

    <p class='ocr_par' dir='ltr' id='par_1_12' title="bbox 317 2473 1445 3739">
     <span class='ocr_line' id='line_1_20' title="bbox 409 2473 1443 2562; baseline -0.001 -22"><span class='ocrx_word' id='word_1_143' title='bbox 409 2476 647 2541; x_wconf 89' lang='lat' dir='ltr'>Admioorem</span> <span class='ocrx_word' id='word_1_144' title='bbox 662 2476 756 2559; x_wconf 91' lang='lat' dir='ltr'>quod</span> <span class='ocrx_word' id='word_1_145' title='bbox 771 2475 911 2559; x_wconf 87' lang='lat' dir='ltr'>attinet,</span> <span class='ocrx_word' id='word_1_146' title='bbox 927 2497 1020 2562; x_wconf 75' lang='lat' dir='ltr'>arpo.</span> <span class='ocrx_word' id='word_1_147' title='bbox 1035 2475 1182 2541; x_wconf 79' lang='lat' dir='ltr'>Falsum</span> <span class='ocrx_word' id='word_1_148' title='bbox 1200 2478 1256 2540; x_wconf 90' lang='lat' dir='ltr'>est</span> <span class='ocrx_word' id='word_1_149' title='bbox 1273 2475 1367 2540; x_wconf 89' lang='lat' dir='ltr'>enim</span> <span class='ocrx_word' id='word_1_150' title='bbox 1378 2473 1443 2539; x_wconf 90' lang='lat' dir='ltr'>Ec·</span> 
     </span>
     <span class='ocr_line' id='line_1_21' title="bbox 320 2581 1443 2664; baseline -0.003 -15"><span class='ocrx_word' id='word_1_151' title='bbox 320 2585 469 2649; x_wconf 88' lang='lat' dir='ltr'>clesiam</span> <span class='ocrx_word' id='word_1_152' title='bbox 485 2601 558 2650; x_wconf 91' lang='lat' dir='ltr'>non</span> <span class='ocrx_word' id='word_1_153' title='bbox 571 2583 707 2649; x_wconf 87' lang='lat' dir='ltr'>habere</span> <span class='ocrx_word' id='word_1_154' title='bbox 725 2584 947 2649; x_wconf 83' lang='lat' dir='ltr'>territorium</span> <span class='ocrx_word' id='word_1_155' title='bbox 968 2586 1004 2648; x_wconf 93' lang='lat' dir='ltr'>in</span> <span class='ocrx_word' id='word_1_156' title='bbox 1030 2601 1139 2647; x_wconf 90' lang='lat' dir='ltr'>sensu</span> <span class='ocrx_word' id='word_1_157' title='bbox 1159 2583 1326 2664; x_wconf 86' lang='lat' dir='ltr'>exposito</span> <span class='ocrx_word' id='word_1_158' title='bbox 1344 2588 1382 2647; x_wconf 92' lang='lat' dir='ltr'>et</span> <span class='ocrx_word' id='word_1_159' title='bbox 1399 2581 1443 2647; x_wconf 92' lang='lat' dir='ltr'>de</span> 
     </span>
     <span class='ocr_line' id='line_1_22' title="bbox 320 2689 1441 2776; baseline -0.004 -19"><span class='ocrx_word' id='word_1_160' title='bbox 320 2710 390 2776; x_wconf 93' lang='lat' dir='ltr'>quo</span> <span class='ocrx_word' id='word_1_161' title='bbox 409 2691 490 2757; x_wconf 89' lang='lat' dir='ltr'>heic</span> <span class='ocrx_word' id='word_1_162' title='bbox 516 2695 656 2756; x_wconf 87' lang='lat' dir='ltr'>tautum</span> <span class='ocrx_word' id='word_1_163' title='bbox 690 2691 822 2774; x_wconf 86' lang='lat' dir='ltr'>agitur,</span> <span class='ocrx_word' id='word_1_164' title='bbox 842 2691 926 2774; x_wconf 89' lang='lat' dir='ltr'>quia</span> <span class='ocrx_word' id='word_1_165' title='bbox 952 2692 1011 2774; x_wconf 90' lang='lat' dir='ltr'>jus</span> <span class='ocrx_word' id='word_1_166' title='bbox 1040 2689 1268 2756; x_wconf 83' lang='lat' dir='ltr'>exercendae</span> <span class='ocrx_word' id='word_1_167' title='bbox 1297 2689 1441 2767; x_wconf 86' lang='lat' dir='ltr'>jurisdi-</span> 
     </span>
     <span class='ocr_line' id='line_1_23' title="bbox 320 2796 1443 2884; baseline -0.003 -19"><span class='ocrx_word' id='word_1_168' title='bbox 320 2800 450 2866; x_wconf 90' lang='lat' dir='ltr'>ctionis</span> <span class='ocrx_word' id='word_1_169' title='bbox 480 2797 715 2864; x_wconf 88' lang='lat' dir='ltr'>ineluctabile</span> <span class='ocrx_word' id='word_1_170' title='bbox 733 2802 788 2862; x_wconf 91' lang='lat' dir='ltr'>est</span> <span class='ocrx_word' id='word_1_171' title='bbox 818 2797 1050 2862; x_wconf 87' lang='lat' dir='ltr'>corollarium</span> <span class='ocrx_word' id='word_1_172' title='bbox 1063 2797 1247 2882; x_wconf 67' lang='lat' dir='ltr'>legitimae,</span> <span class='ocrx_word' id='word_1_173' title='bbox 1261 2796 1374 2884; x_wconf 69' lang='lat' dir='ltr'>immo</span> <span class='ocrx_word' id='word_1_174' title='bbox 1388 2817 1443 2862; x_wconf 81' lang='lat' dir='ltr'>aa·</span> 
     </span>
     <span class='ocr_line' id='line_1_24' title="bbox 320 2903 1444 2988; baseline -0.003 -15"><span class='ocrx_word' id='word_1_175' title='bbox 320 2909 491 2975; x_wconf 71' lang='lat' dir='ltr'>censoriae</span> <span class='ocrx_word' id='word_1_176' title='bbox 509 2906 725 2972; x_wconf 88' lang='lat' dir='ltr'>existentiae</span> <span class='ocrx_word' id='word_1_177' title='bbox 738 2905 940 2987; x_wconf 82' lang='lat' dir='ltr'>Ecclesiae,</span> <span class='ocrx_word' id='word_1_178' title='bbox 958 2904 1251 2988; x_wconf 90' lang='lat' dir='ltr'>quandoquidem</span> <span class='ocrx_word' id='word_1_179' title='bbox 1269 2903 1444 2988; x_wconf 85' lang='lat' dir='ltr'>obligatio</span> 
     </span>
     <span class='ocr_line' id='line_1_25' title="bbox 320 3009 1442 3096; baseline -0.005 -18"><span class='ocrx_word' id='word_1_180' title='bbox 320 3015 399 3096; x_wconf 88' lang='lat' dir='ltr'>ejus</span> <span class='ocrx_word' id='word_1_181' title='bbox 413 3015 519 3079; x_wconf 90' lang='lat' dir='ltr'>linem</span> <span class='ocrx_word' id='word_1_182' title='bbox 534 3012 752 3095; x_wconf 89' lang='lat' dir='ltr'>assequendi</span> <span class='ocrx_word' id='word_1_183' title='bbox 776 3029 901 3076; x_wconf 89' lang='lat' dir='ltr'>omnes</span> <span class='ocrx_word' id='word_1_184' title='bbox 920 3009 1125 3092; x_wconf 85' lang='lat' dir='ltr'>obstringit.</span> <span class='ocrx_word' id='word_1_185' title='bbox 1148 3009 1355 3074; x_wconf 84' lang='lat' dir='ltr'>Praemisso</span> <span class='ocrx_word' id='word_1_186' title='bbox 1379 3009 1442 3092; x_wconf 90' lang='lat' dir='ltr'>igi·</span> 
     </span>
     <span class='ocr_line' id='line_1_26' title="bbox 321 3118 1442 3203; baseline -0.002 -19"><span class='ocrx_word' id='word_1_187' title='bbox 321 3125 379 3184; x_wconf 87' lang='lat' dir='ltr'>tur</span> <span class='ocrx_word' id='word_1_188' title='bbox 392 3121 568 3202; x_wconf 88' lang='lat' dir='ltr'>legitima,</span> <span class='ocrx_word' id='word_1_189' title='bbox 588 3121 773 3203; x_wconf 87' lang='lat' dir='ltr'>multoque</span> <span class='ocrx_word' id='word_1_190' title='bbox 792 3121 907 3202; x_wconf 86' lang='lat' dir='ltr'>magis</span> <span class='ocrx_word' id='word_1_191' title='bbox 925 3119 1133 3183; x_wconf 86' lang='lat' dir='ltr'>necessaria</span> <span class='ocrx_word' id='word_1_192' title='bbox 1151 3119 1349 3183; x_wconf 88' lang='lat' dir='ltr'>existentia</span> <span class='ocrx_word' id='word_1_193' title='bbox 1381 3118 1442 3182; x_wconf 93' lang='lat' dir='ltr'>hu·</span> 
     </span>
     <span class='ocr_line' id='line_1_27' title="bbox 317 3225 1443 3310; baseline 0 -19"><span class='ocrx_word' id='word_1_194' title='bbox 317 3227 474 3310; x_wconf 90' lang='lat' dir='ltr'>jusmodi</span> <span class='ocrx_word' id='word_1_195' title='bbox 493 3229 692 3308; x_wconf 86' lang='lat' dir='ltr'>societatis,</span> <span class='ocrx_word' id='word_1_196' title='bbox 713 3227 961 3310; x_wconf 86' lang='lat' dir='ltr'>quecquidem</span> <span class='ocrx_word' id='word_1_197' title='bbox 977 3230 1013 3290; x_wconf 93' lang='lat' dir='ltr'>et</span> <span class='ocrx_word' id='word_1_198' title='bbox 1027 3230 1158 3290; x_wconf 88' lang='lat' dir='ltr'>natura</span> <span class='ocrx_word' id='word_1_199' title='bbox 1182 3233 1299 3290; x_wconf 89' lang='lat' dir='ltr'>suaet</span> <span class='ocrx_word' id='word_1_200' title='bbox 1316 3225 1443 3291; x_wconf 90' lang='lat' dir='ltr'>volun·</span> 
     </span>
     <span class='ocr_line' id='line_1_28' title="bbox 320 3332 1445 3416; baseline -0.003 -17"><span class='ocrx_word' id='word_1_201' title='bbox 320 3340 396 3399; x_wconf 90' lang='lat' dir='ltr'>tate</span> <span class='ocrx_word' id='word_1_202' title='bbox 411 3333 534 3399; x_wconf 90' lang='lat' dir='ltr'>Divini</span> <span class='ocrx_word' id='word_1_203' title='bbox 551 3335 605 3398; x_wconf 90' lang='lat' dir='ltr'>sui</span> <span class='ocrx_word' id='word_1_204' title='bbox 622 3333 843 3399; x_wconf 91' lang='lat' dir='ltr'>Institutoris</span> <span class='ocrx_word' id='word_1_205' title='bbox 857 3333 1104 3416; x_wconf 90' lang='lat' dir='ltr'>independens</span> <span class='ocrx_word' id='word_1_206' title='bbox 1119 3337 1156 3397; x_wconf 91' lang='lat' dir='ltr'>et</span> <span class='ocrx_word' id='word_1_207' title='bbox 1176 3350 1264 3397; x_wconf 88' lang='lat' dir='ltr'>vere</span> <span class='ocrx_word' id='word_1_208' title='bbox 1277 3332 1445 3416; x_wconf 83' lang='lat' dir='ltr'>perlecta</span> 
     </span>
     <span class='ocr_line' id='line_1_29' title="bbox 321 3439 1443 3526; baseline -0.004 -19"><span class='ocrx_word' id='word_1_209' title='bbox 321 3445 388 3525; x_wconf 88' lang='lat' dir='ltr'>est,</span> <span class='ocrx_word' id='word_1_210' title='bbox 405 3441 560 3526; x_wconf 89' lang='lat' dir='ltr'>amplius</span> <span class='ocrx_word' id='word_1_211' title='bbox 575 3459 701 3506; x_wconf 89' lang='lat' dir='ltr'>carere</span> <span class='ocrx_word' id='word_1_212' title='bbox 720 3460 790 3505; x_wconf 92' lang='lat' dir='ltr'>non</span> <span class='ocrx_word' id='word_1_213' title='bbox 811 3447 931 3523; x_wconf 88' lang='lat' dir='ltr'>potest</span> <span class='ocrx_word' id='word_1_214' title='bbox 942 3441 985 3504; x_wconf 90' lang='lat' dir='ltr'>iis</span> <span class='ocrx_word' id='word_1_215' title='bbox 1004 3440 1167 3504; x_wconf 91' lang='lat' dir='ltr'>omnibus</span> <span class='ocrx_word' id='word_1_216' title='bbox 1182 3439 1228 3504; x_wconf 86' lang='lat' dir='ltr'>ad</span> <span class='ocrx_word' id='word_1_217' title='bbox 1243 3457 1346 3504; x_wconf 87' lang='lat' dir='ltr'>suam</span> <span class='ocrx_word' id='word_1_218' title='bbox 1361 3456 1443 3503; x_wconf 90' lang='lat' dir='ltr'>con·</span> 
     </span>
     <span class='ocr_line' id='line_1_30' title="bbox 321 3546 1442 3629; baseline -0.004 -15"><span class='ocrx_word' id='word_1_219' title='bbox 321 3551 568 3614; x_wconf 83' lang='lat' dir='ltr'>servationem</span> <span class='ocrx_word' id='word_1_220' title='bbox 599 3549 808 3613; x_wconf 90' lang='lat' dir='ltr'>necessarie</span> <span class='ocrx_word' id='word_1_221' title='bbox 827 3547 1016 3626; x_wconf 86' lang='lat' dir='ltr'>ordinatis,</span> <span class='ocrx_word' id='word_1_222' title='bbox 1047 3546 1246 3629; x_wconf 85' lang='lat' dir='ltr'>cujusmodi</span> <span class='ocrx_word' id='word_1_223' title='bbox 1279 3563 1442 3629; x_wconf 89' lang='lat' dir='ltr'>praeser-</span> 
     </span>
     <span class='ocr_line' id='line_1_31' title="bbox 322 3653 1063 3739; baseline -0.004 -19"><span class='ocrx_word' id='word_1_224' title='bbox 322 3657 385 3720; x_wconf 91' lang='lat' dir='ltr'>tim</span> <span class='ocrx_word' id='word_1_225' title='bbox 402 3661 458 3720; x_wconf 90' lang='lat' dir='ltr'>est</span> <span class='ocrx_word' id='word_1_226' title='bbox 471 3655 531 3739; x_wconf 86' lang='lat' dir='ltr'>jus</span> <span class='ocrx_word' id='word_1_227' title='bbox 547 3654 776 3720; x_wconf 89' lang='lat' dir='ltr'>exercendae</span> <span class='ocrx_word' id='word_1_228' title='bbox 789 3653 1063 3736; x_wconf 85' lang='lat' dir='ltr'>jurisdictionis.</span> 
     </span>
    </p>

    <p class='ocr_par' dir='ltr' id='par_1_13' title="bbox 321 3761 1447 4500">
     <span class='ocr_line' id='line_1_32' title="bbox 410 3761 1444 3845; baseline -0.001 -18"><span class='ocrx_word' id='word_1_229' title='bbox 410 3762 618 3845; x_wconf 89' lang='lat' dir='ltr'>Praeterea,</span> <span class='ocrx_word' id='word_1_230' title='bbox 634 3779 714 3828; x_wconf 88' lang='lat' dir='ltr'>cum</span> <span class='ocrx_word' id='word_1_231' title='bbox 735 3781 838 3826; x_wconf 89' lang='lat' dir='ltr'>nemo</span> <span class='ocrx_word' id='word_1_232' title='bbox 852 3761 1035 3826; x_wconf 89' lang='lat' dir='ltr'>hominum</span> <span class='ocrx_word' id='word_1_233' title='bbox 1053 3762 1109 3844; x_wconf 88' lang='lat' dir='ltr'>sit,</span> <span class='ocrx_word' id='word_1_234' title='bbox 1123 3761 1184 3844; x_wconf 88' lang='lat' dir='ltr'>qui</span> <span class='ocrx_word' id='word_1_235' title='bbox 1202 3761 1320 3826; x_wconf 86' lang='lat' dir='ltr'>officio</span> <span class='ocrx_word' id='word_1_236' title='bbox 1337 3761 1444 3826; x_wconf 89' lang='lat' dir='ltr'>linem</span> 
     </span>
     <span class='ocr_line' id='line_1_33' title="bbox 321 3867 1444 3954; baseline -0.004 -18"><span class='ocrx_word' id='word_1_237' title='bbox 321 3870 509 3937; x_wconf 82' lang='lat' dir='ltr'>Ecclesiae</span> <span class='ocrx_word' id='word_1_238' title='bbox 538 3871 755 3954; x_wconf 87' lang='lat' dir='ltr'>assequendi</span> <span class='ocrx_word' id='word_1_239' title='bbox 781 3889 852 3936; x_wconf 93' lang='lat' dir='ltr'>non</span> <span class='ocrx_word' id='word_1_240' title='bbox 882 3870 1144 3954; x_wconf 87' lang='lat' dir='ltr'>adstringatur,</span> <span class='ocrx_word' id='word_1_241' title='bbox 1164 3867 1258 3933; x_wconf 90' lang='lat' dir='ltr'>unde</span> <span class='ocrx_word' id='word_1_242' title='bbox 1290 3885 1332 3932; x_wconf 91' lang='lat' dir='ltr'>eo</span> <span class='ocrx_word' id='word_1_243' title='bbox 1364 3867 1444 3950; x_wconf 92' lang='lat' dir='ltr'>ipso</span> 
     </span>
     <span class='ocr_line' id='line_1_34' title="bbox 321 3976 1445 4062; baseline -0.004 -18"><span class='ocrx_word' id='word_1_244' title='bbox 321 3979 488 4045; x_wconf 89' lang='lat' dir='ltr'>Ecclesia</span> <span class='ocrx_word' id='word_1_245' title='bbox 512 3979 558 4042; x_wconf 87' lang='lat' dir='ltr'>sit</span> <span class='ocrx_word' id='word_1_246' title='bbox 582 3980 738 4044; x_wconf 85' lang='lat' dir='ltr'>societas</span> <span class='ocrx_word' id='word_1_247' title='bbox 757 3984 887 4043; x_wconf 86' lang='lat' dir='ltr'>natura</span> <span class='ocrx_word' id='word_1_248' title='bbox 920 3984 1031 4062; x_wconf 88' lang='lat' dir='ltr'>atque</span> <span class='ocrx_word' id='word_1_249' title='bbox 1064 3976 1288 4042; x_wconf 89' lang='lat' dir='ltr'>institutione</span> <span class='ocrx_word' id='word_1_250' title='bbox 1306 3993 1373 4039; x_wconf 88' lang='lat' dir='ltr'>sua</span> <span class='ocrx_word' id='word_1_251' title='bbox 1390 3995 1445 4040; x_wconf 85' lang='lat' dir='ltr'>oa·</span> 
     </span>
     <span class='ocr_line' id='line_1_35' title="bbox 323 4081 1446 4169; baseline -0.008 -15"><span class='ocrx_word' id='word_1_252' title='bbox 323 4088 461 4166; x_wconf 74' lang='lat' dir='ltr'>erotica,</span> <span class='ocrx_word' id='word_1_253' title='bbox 480 4087 643 4169; x_wconf 87' lang='lat' dir='ltr'>sequitur</span> <span class='ocrx_word' id='word_1_254' title='bbox 661 4093 773 4152; x_wconf 91' lang='lat' dir='ltr'>totum</span> <span class='ocrx_word' id='word_1_255' title='bbox 793 4090 972 4151; x_wconf 83' lang='lat' dir='ltr'>terrarum</span> <span class='ocrx_word' id='word_1_256' title='bbox 986 4085 1110 4149; x_wconf 91' lang='lat' dir='ltr'>orbem</span> <span class='ocrx_word' id='word_1_257' title='bbox 1130 4101 1209 4149; x_wconf 89' lang='lat' dir='ltr'>esse</span> <span class='ocrx_word' id='word_1_258' title='bbox 1222 4081 1446 4147; x_wconf 89' lang='lat' dir='ltr'>territorium</span> 
     </span>
     <span class='ocr_line' id='line_1_36' title="bbox 322 4187 1444 4275; baseline -0.006 -16"><span class='ocrx_word' id='word_1_259' title='bbox 322 4192 523 4274; x_wconf 81' lang='lat' dir='ltr'>Ecclesiae,</span> <span class='ocrx_word' id='word_1_260' title='bbox 538 4192 645 4275; x_wconf 75' lang='lat' dir='ltr'>Juxta</span> <span class='ocrx_word' id='word_1_261' title='bbox 662 4193 778 4274; x_wconf 88' lang='lat' dir='ltr'>ipsam</span> <span class='ocrx_word' id='word_1_262' title='bbox 804 4191 964 4256; x_wconf 88' lang='lat' dir='ltr'>divinam</span> <span class='ocrx_word' id='word_1_263' title='bbox 982 4191 1207 4256; x_wconf 91' lang='lat' dir='ltr'>voluntatem</span> <span class='ocrx_word' id='word_1_264' title='bbox 1225 4189 1260 4254; x_wconf 93' lang='lat' dir='ltr'>in</span> <span class='ocrx_word' id='word_1_265' title='bbox 1278 4187 1444 4271; x_wconf 88' lang='lat' dir='ltr'>Evange-</span> 
     </span>
     <span class='ocr_line' id='line_1_37' title="bbox 322 4298 1447 4385; baseline -0.006 -18"><span class='ocrx_word' id='word_1_266' title='bbox 322 4303 371 4367; x_wconf 95' lang='lat' dir='ltr'>lio</span> <span class='ocrx_word' id='word_1_267' title='bbox 402 4317 626 4385; x_wconf 87' lang='lat' dir='ltr'>expressam:</span> <span class='ocrx_word' id='word_1_268' title='bbox 646 4301 691 4365; x_wconf 84' lang='lat' dir='ltr'>ite</span> <span class='ocrx_word' id='word_1_269' title='bbox 716 4301 752 4365; x_wconf 86' lang='lat' dir='ltr'>ia</span> <span class='ocrx_word' id='word_1_270' title='bbox 773 4302 969 4366; x_wconf 79' lang='lat' dir='ltr'>universam</span> <span class='ocrx_word' id='word_1_271' title='bbox 999 4299 1175 4381; x_wconf 81' lang='lat' dir='ltr'>mundam,</span> <span class='ocrx_word' id='word_1_272' title='bbox 1195 4298 1308 4364; x_wconf 82' lang='lat' dir='ltr'>docete</span> <span class='ocrx_word' id='word_1_273' title='bbox 1332 4317 1447 4364; x_wconf 80' lang='lat' dir='ltr'>omues</span> 
     </span>
     <span class='ocr_line' id='line_1_38' title="bbox 323 4407 980 4500; baseline -0.006 -24"><span class='ocrx_word' id='word_1_274' title='bbox 323 4415 450 4498; x_wconf 77' lang='lat' dir='ltr'>pentes,</span> <span class='ocrx_word' id='word_1_275' title='bbox 464 4407 669 4500; x_wconf 83' lang='lat' dir='ltr'>praedicate</span> <span class='ocrx_word' id='word_1_276' title='bbox 686 4409 778 4472; x_wconf 80' lang='lat' dir='ltr'>omni</span> <span class='ocrx_word' id='word_1_277' title='bbox 791 4413 980 4472; x_wconf 68' lang='lat' dir='ltr'>creaturae.</span> 
     </span>
    </p>
   </div>
   <div class='ocr_carea' id='block_1_12' title="bbox 0 0 1568 4988">
    <p class='ocr_par' dir='ltr' id='par_1_14' title="bbox 0 0 1568 4988">
     <span class='ocr_line' id='line_1_39' title="bbox 0 0 1568 4988; baseline 0 0"><span class='ocrx_word' id='word_1_278' title='bbox 0 0 1568 4988; x_wconf 95' lang='lat' dir='ltr'> </span> 
     </span>
    </p>
   </div>
  </div>
 </body>
</html>
