3034 4990
518 427 696 486 -289—

73 571 200 656 perfecta
218 572 353 658 ccipere
369 575 392 636 ά
407 575 481 638 cuia
498 593 566 638 non
576 579 691 657 potest
716 591 802 656 qaue
818 571 913 639 nullo
936 573 996 638 aab
1013 581 1170 658 respectu

75 680 242 744 centauria
263 687 345 744 sant
361 679 408 744 ad
429 681 532 766 finem
560 680 845 765 consequendum.
877 677 1169 746 Fundamentum

75 784 145 850 enim
157 785 359 868 potestatis,
378 803 487 869 quam
505 804 570 868 pro
587 803 654 852 sua
682 777 816 851 natura
846 785 1030 869 quaelibet
1057 787 1168 852 socie·

73 897 113 956 las
126 891 229 956 babet
245 891 415 975 exigendi
432 893 569 976 aliquid
584 911 606 956 a
630 893 704 957 suis
722 893 957 975 consociatis,
989 893 1096 958 situm
1114 897 1170 958 est

71 998 97 1062 in
110 999 307 1064 necessario
325 999 486 1081 eJusdem
502 1016 598 1064 nexu
627 1017 707 1064 cum
740 1001 853 1082 ipsius
878 999 1064 1064 societatis
1083 1000 1167 1082 fine,

71 1105 108 1168 ita
122 1111 156 1170 ut
172 1107 230 1189 qui
250 1107 404 1172 alterum
421 1106 513 1189 vult,
544 1107 699 1171 alterum
733 1123 876 1189 quoque
907 1107 1005 1171 velle
1024 1107 1168 1171 omnino

71 1212 192 1294 debean
207 1213 311 1296 atqui
324 1231 384 1277 ros
403 1231 503 1279 mere
521 1213 740 1296 temporales
765 1231 807 1278 eo
824 1214 903 1296 ipso
928 1213 1022 1296 quod
1035 1214 1101 1278 sub
1115 1231 1168 1278 ro·

70 1323 176 1400 spectu
193 1319 275 1384 finis
290 1322 431 1384 tantum
452 1321 662 1403 temporalis
674 1323 887 1402 spectantur
905 1323 942 1384 et
965 1337 1031 1404 pro
1056 1320 1168 1403 adipi·
1277 1379 1284 1388 .

70 1425 181 1490 scendo
195 1427 266 1491 fine
280 1426 461 1510 spirituali
471 1427 607 1509 Judicio
616 1427 728 1510 ipsius
738 1427 925 1492 Ecclesiae
938 1427 1170 1493 necessariae

69 1549 125 1596 non
138 1533 402 1615 existimantur,
427 1535 673 1599 necessariam
691 1551 771 1598 cum
788 1534 859 1600 fine
889 1533 1070 1616 spirituali
1087 1551 1168 1598 con·

70 1641 240 1706 nexionem
258 1659 332 1704 non
347 1640 496 1723 habent,
514 1641 624 1723 igitur
656 1641 803 1707 minime
821 1640 955 1706 cadunt
979 1640 1045 1705 sub
1069 1644 1168 1723 pote-

69 1749 146 1812 state
161 1747 346 1812 societatis
374 1748 581 1830 religiosae,
600 1765 694 1830 quae
723 1747 929 1831 spiritualia
959 1751 1075 1827 (curat,
1105 1747 1170 1812 sed

70 1854 196 1936 proprie
213 1857 248 1919 et
264 1854 452 1920 exclusive
484 1859 695 1938 competunt
725 1855 899 1937 potestati
931 1854 1044 1936 civili,
1075 1871 1169 1936 quae

69 1960 201 2042 nogotiis
218 1962 480 2046 temporalibus
511 1961 769 2045 promovendis
804 1979 928 2026 euram
959 1961 1170 2044 impendere

69 2071 205 2132 tenetur.
302 2092 306 2101 ¹

140 2169 277 2236 Deinde
293 2170 459 2236 Ecclesia
476 2171 577 2253 leges
602 2171 701 2236 eirca
729 2188 789 2235 res
822 2187 921 2236 mere
948 2169 1169 2253 temporales

70 2275 159 2358 serre,
175 2281 211 2343 et
227 2296 312 2343 suos
335 2277 511 2360 subditos,
531 2279 592 2360 qui
609 2278 715 2342 simul
733 2278 834 2343 cives
852 2281 936 2342 sunt
954 2275 1089 2358 Status,
1123 2277 1170 2342 ad

69 2399 174 2449 earum
191 2385 464 2450 observantiam
483 2403 615 2468 cogere
632 2385 770 2468 nequit,
790 2385 875 2469 quia
909 2383 1030 2449 delicit
1060 2384 1168 2449 ratio-

69 2491 219 2556 nabilitas
236 2495 273 2556 et
286 2492 424 2557 utilitas
442 2492 546 2574 legis3
567 2493 662 2556 enim
678 2492 787 2575 ratic,
805 2493 850 2557 ob
880 2510 988 2574 quam
1016 2491 1105 2556 socii
1120 2497 1167 2556 te·

68 2605 179 2662 nentur
191 2599 359 2664 societati
377 2603 480 2662 actus
497 2617 580 2662 suos
598 2603 803 2682 praestare,
821 2604 876 2662 est
892 2599 1101 2664 consecutio
1132 2599 1169 2663 fi-

68 2703 121 2783 nis;
138 2705 198 2769 sed
216 2706 313 2789 quod
340 2707 625 2770 innecessarium
643 2706 703 2770 vel
722 2705 867 2770 omnino
881 2703 1008 2769 inutile
1026 2708 1092 2782 est,
1123 2703 1169 2767 ad

67 2807 156 2876 linem
186 2831 259 2878 non
289 2812 399 2894 ducit;
434 2829 521 2894 ergo
550 2811 640 2877 illud
657 2811 808 2894 exsequi
823 2811 913 2875 socii
930 2829 996 2894 per
1027 2829 1067 2875 se
1096 2829 1169 2875 non

68 2914 338 3002 obstringuntur.
357 2919 436 2984 Hoc
450 2919 601 2984 mirifice
630 2920 780 3003 exponit
806 2919 1003 3002 Angelicus
1031 2918 1169 2984 Doctor

68 3025 176 3101 paucis
192 3025 315 3090 verbis
332 3044 397 3109 pro
412 3045 477 3091 suo
491 3045 603 3092 rnorc:
625 3029 742 3110 Omniq
756 3029 813 3092 lec
825 3027 1010 3093 ordinatur
1023 3026 1070 3091 ad
1081 3047 1168 3092 com·

68 3149 183 3198 munem
195 3133 369 3200 hominum
381 3135 539 3214 sulutem,
553 3142 584 3200 et
598 3136 634 3199 in
649 3141 781 3200 tantem
795 3135 920 3200 oblinet
933 3135 1002 3198 vim
1015 3141 1047 3198 ct
1063 3135 1169 3200 ratio·

68 3257 129 3302 nem
144 3240 239 3325 tepla·
255 3241 440 3306 secundum
468 3261 547 3308 vero
581 3243 670 3326 quod
699 3244 740 3307 ab
767 3243 827 3308 boc
857 3243 979 3328 deficit,
1009 3242 1169 3326 uirtutem

69 3345 226 3431 oilipcndi
237 3370 307 3414 non
322 3349 421 3414 tabet
437 3351 498 3430 (1).
517 3349 621 3414 Unde
640 3351 804 3432 potestas
823 3349 867 3414 de
895 3349 1002 3413 rebus
1032 3353 1168 3430 tempe·

69 3451 188 3518 ratibus
203 3453 379 3535 judicium
397 3455 585 3520 emittendi
602 3455 774 3539 legesque
803 3454 985 3520 statuendi
1009 3455 1079 3520 soli
1109 3473 1168 3519 au·

69 3559 213 3626 claritati
228 3560 330 3626 civili
347 3561 540 3626 tribuenda
554 3565 620 3626 est.

145 3667 356 3734 Proditione.
405 3667 588 3734 Nonnulla
601 3669 810 3735 testimonia
822 3669 1061 3753 proferemus,
1076 3687 1170 3753 quae

68 3771 156 3837 nobis
169 3792 313 3840 sensum
332 3775 552 3840 christianae
572 3775 799 3860 antiquitatis
816 3779 852 3841 et
877 3774 1081 3840 catholicae
1098 3778 1169 3839 tra·

68 3875 195 3946 ditionis
209 3883 362 3948 disserte
375 3885 614 3966 patefaciunt.
633 3883 668 3949 S.
688 3882 855 3950 Gelenius
870 3883 1038 3948 Pontifex
1055 3883 1107 3948 ita
1118 3883 1168 3948 lo-

69 3985 183 4064 quitur:
204 3989 376 4066 Quantam
406 3991 453 4056 ad
470 3992 625 4056 ordi-nem
647 3993 801 4076 pertinet
827 3991 989 4076 publicae
1020 3990 1168 4072 (civilis)

70 4089 269 4180 disciplinae,
303 4105 537 4182 copaoecentec
554 4099 738 4183 imperinm
760 4099 821 4164 tibi
838 4118 1001 4181 suprema
1019 4099 1168 4183 disposi-

71 4233 259 4253 *mm

129 4351 165 4420 (ι)
203 4355 241 4404 μ
255 4355 308 4406 aaa
320 4369 347 4419 q.
361 4357 404 4423 oo,
418 4369 443 4408 a.
457 4353 507 4406 xi.
