3030 4990
769 352 946 410 -168—

299 496 392 564 atari
406 505 484 564 ante
497 498 682 564 laesionem
695 497 831 564 ordinis
848 496 1008 580 socialis,
1023 499 1060 564 in
1084 501 1164 584 ipsa
1187 499 1338 566 laesione
1355 515 1414 563 seu

297 605 335 671 in
346 613 426 672 acln
435 607 674 692 oppressionis,
686 613 811 692 etpost
821 607 1019 672 laesionem.

386 711 475 778 Ante
501 713 697 797 laesionem,
722 713 895 797 potestati
909 713 1132 779 coercitivae
1145 713 1321 780 incumbit
1346 715 1415 779 oili·

299 819 393 886 cium
406 821 678 888 conservationis
695 821 832 886 ordinis
850 821 1093 902 socialis,.cui
1109 820 1333 904 respondent
1349 821 1416 885 tria

293 927 1418 1012 juratjuspraenentionispreservandisbonissociorum3unde

297 1035 495 1119 prudentes
521 1041 557 1100 et
574 1035 806 1101 necessariae
824 1035 992 1100 cautelae
1009 1038 1137 1099 contra
1153 1035 1288 1100 delicta
1305 1037 1343 1098 et
1360 1053 1417 1117 ag-

296 1142 516 1225 gressiones,
532 1160 578 1208 ne
591 1141 790 1208 discrimini
818 1146 1023 1226 exponatur
1048 1141 1135 1206 ordo
1161 1133 1327 1224 publicus
1360 1143 1419 1206 vel

297 1267 344 1315 ne
360 1249 572 1316 innocentes
586 1250 705 1314 inutili
720 1251 908 1315 vexationi
925 1249 1177 1331 subjiciantur;
1204 1249 1289 1314 hinc
1319 1249 1419 1331 leges

297 1361 425 1424 contra
438 1375 565 1441 vagos,
585 1358 732 1439 otiosos,
764 1357 927 1440 aliosque
943 1373 1032 1422 vere
1060 1361 1261 1439 suspectos,
1281 1355 1325 1422 de
1345 1357 1419 1439 qui-

297 1465 362 1530 bus
376 1463 592 1531 certitudine
606 1463 763 1547 quadam
782 1465 912 1530 morali
926 1463 1084 1546 judicari
1102 1467 1223 1546 potest
1246 1481 1308 1528 eos
1326 1463 1420 1528 ordi·

296 1589 378 1638 nem
405 1571 578 1638 socialem
596 1572 804 1637 turbatores
832 1589 926 1638 esse:
953 1573 1013 1654 jus
1030 1591 1193 1637 consterna
1213 1589 1279 1654 pro
1311 1570 1421 1654 impe-

295 1679 429 1746 dienda
441 1679 478 1745 in
495 1679 650 1763 publicis
668 1679 818 1761 scholis,
834 1679 871 1744 in
885 1679 1052 1755 comitiis,
1070 1679 1236 1760 inlibris,
1262 1679 1361 1744 foliis
1385 1683 1423 1742 et

296 1786 587 1870 ephemeridibus
617 1788 714 1870 typis
755 1787 861 1852 editis
896 1785 1198 1870 propagationem
1231 1785 1422 1850 doctrinae

296 1903 453 1959 mentem
470 1894 529 1960 vel
560 1911 622 1960 cor
640 1897 898 1977 pervertentis:
915 1895 974 1976 J'us
991 1895 1170 1981 rcpiminis
1196 1895 1322 1959 orbani
1356 1911 1423 1957 seu

295 2001 532 2068 institutionis
550 2003 734 2086 specialis,
754 2001 880 2067 mediis
906 2003 1056 2068 secretis
1088 2009 1128 2066 nt
1160 2001 1354 2083 plurimum
1383 2021 1421 2067 u-

296 2109 405 2174 tentis
424 2109 625 2192 (hispanice
638 2110 801 2192 Peliala),
816 2108 863 2173 ad
875 2108 1150 2192 praevenienda
1163 2107 1297 2173 delicta
1314 2114 1351 2173 et
1374 2111 1422 2173 si-

297 2216 370 2281 mul
384 2233 507 2282 eorum
521 2221 689 2282 auctores
707 2217 816 2281 facile
834 2216 1068 2300 detegendos,
1088 2219 1279 2300 postquam
1298 2221 1421 2300 patra·

296 2327 447 2388 tasunt.
1129 2339 1133 2348 Κ

385 2430 429 2495 In
445 2431 525 2514 ipsa
540 2430 691 2496 laesione
706 2448 769 2495 seu
798 2430 835 2494 in
865 2434 949 2495 actu
966 2430 1225 2513 aggressionis,
1245 2432 1423 2514 potestati

297 2537 489 2603 coactivae
506 2537 682 2602 incumbit
699 2537 857 2603 officium
875 2538 1087 2622 defensionis
1104 2537 1241 2602 ordinis
1258 2539 1419 2620 socialis,

297 2646 355 2710 cui
371 2645 593 2728 respondent
605 2645 675 2710 duo
686 2645 782 2727 jura:
799 2645 858 2728 Jus
874 2647 1102 2730 repressionis
1116 2646 1176 2710 vel
1189 2647 1420 2726 coercitionis,

297 2753 326 2818 si
340 2753 436 2818 actio
454 2753 617 2818 ordinem
634 2753 808 2818 socialem
840 2755 991 2818 turbans
1009 2753 1219 2818 voluntaria
1236 2756 1273 2817 et
1302 2755 1421 2819 crimi-

296 2861 390 2928 nalis
409 2861 468 2943 sit,
488 2865 614 2943 utpote
631 2859 771 2924 malitia
785 2867 821 2926 et
834 2861 1063 2925 contumacia
1083 2861 1213 2943 posita:
1229 2860 1288 2942 jus
1311 2863 1421 2926 reela

296 2971 404 3036 sionis
420 2970 481 3035 vel
498 2969 745 3053 separationis,
765 2968 909 3050 quando
928 2967 1022 3032 actio
1040 2968 1208 3033 societati
1226 2985 1365 3034 nocens
1388 2973 1422 3032 et

298 3075 481 3158 publicam
499 3075 801 3159 tranquillitatem
829 3076 1046 3140 subvertens
1063 3075 1313 3140 involuntaria
1347 3077 1421 3141 iue-

297 3183 356 3265 rit,
375 3185 554 3265 quatenus
568 3200 614 3246 ex
634 3183 722 3247 vitio
740 3187 893 3247 naturae
919 3183 1097 3266 profecta,
1117 3183 1225 3248 utilit
1244 3183 1280 3248 in
1311 3185 1421 3248 furio-

297 3289 359 3372 sis,
378 3289 644 3372 pestilentibus,
660 3290 789 3374 bisque
805 3291 994 3356 similibus.

386 3397 469 3463 Post
480 3397 666 3464 laesionem
682 3416 785 3481 vero,
801 3401 973 3481 potestati
986 3401 1222 3467 exsecutivae
1235 3399 1331 3464 inest
1345 3399 1421 3465 eiii-

296 3507 390 3572 cium
407 3507 675 3572 restaurationis
693 3506 829 3572 ordinis
842 3508 999 3592 socialis,
1014 3513 1072 3575 cui
1089 3511 1182 3575 hacc
1198 3513 1356 3592 quatuor
1368 3509 1420 3591 ju-

297 3633 338 3680 ra
354 3614 590 3699 respondent:
605 3615 664 3697 jus
670 3617 868 3700 punitionis
886 3623 1035 3700 propter
1066 3618 1335 3683 emendationem
1365 3617 1420 3680 de·

296 3722 503 3806 linquentis,
518 3724 816 3808 ecemplaritatem
834 3729 1062 3789 caeterorum
1079 3725 1213 3789 civium
1237 3729 1273 3788 et
1300 3727 1419 3810 capia·

297 3832 422 3898 tionem
436 3830 571 3912 delicti;
590 3830 788 3913 etquidem
806 3831 842 3896 in
859 3833 1019 3914 materia,
1039 3833 1204 3916 qualitate
1222 3837 1258 3895 et
1268 3851 1419 3918 propor-

297 3939 387 4004 tione
401 3939 672 4002 conservationi
686 3937 822 4004 ordinis
836 3939 982 4003 socialis
996 3938 1214 4022 adaequata:
1226 3939 1285 4020 jus
1300 3941 1420 4005 oenias

297 4063 360 4111 seu
374 4045 598 4128 ignoscendi,
615 4063 708 4128 cum,
724 4047 872 4111 attentis
887 4046 1108 4129 specialibus
1122 4047 1416 4126 circumstantiis,

297 4152 474 4218 indultum
491 4171 513 4216 a
530 4171 701 4236 suprema
718 4159 900 4236 potestate
931 4153 1154 4236 cenceditur,
1187 4153 1322 4218 etenim
1360 4153 1417 4218 ali-

296 4261 441 4344 quando
459 4278 598 4344 poenae
631 4262 849 4326 condonatio
866 4261 1101 4344 Reipublicae
1118 4265 1155 4326 et
1187 4261 1270 4345 paci
1289 4259 1417 4328 sociali
