3024 4994
797 416 917 476 -238
945 449 977 462 -

328 563 366 626 ut
381 559 552 642 Episcopi
571 561 714 626 nomina
731 561 879 644 proprio
893 565 930 626 et
943 563 1119 644 perpetub
1132 561 1169 626 in
1183 561 1347 628 Ecclesia
1362 580 1435 626 eam

327 671 543 732 exercerent
588 685 700 750 supra
730 685 879 750 gregem
920 667 991 732 sibi
1022 686 1044 732 a
1075 666 1250 750 Supremo
1297 669 1435 732 Pastore

327 773 568 854 commissum
585 779 729 838 atamen
747 775 784 840 in
800 773 951 856 singulis
965 773 1168 857 Episcopis,
1181 780 1307 857 utpote
1323 775 1433 840 Pasto-

326 878 426 946 ribus
439 880 589 946 secundi
601 879 749 962 ordinis,
765 884 944 964 spectata,
959 882 1175 947 esttimitota
1189 885 1226 946 et
1240 883 1433 967 dopeadenr:

326 985 476 1054 limitato
495 989 617 1071 utique
636 993 690 1052 est
707 993 781 1052 tum
798 989 993 1071 intrinseca
1026 989 1111 1072 quia
1140 1006 1293 1054 exerere
1322 990 1436 1072 nequit

327 1110 372 1158 aa
389 1113 482 1178 quae
497 1096 685 1179 requirunt
698 1097 758 1176 Jus
775 1117 985 1180 supremum,
996 1097 1057 1179 jus
1073 1097 1302 1182 apostolicum
1317 1097 1373 1162 vel
1382 1097 1435 1178 jus

326 1201 556 1288 dogmaticum
570 1202 723 1269 Summis
751 1202 984 1268 Pontificibus
1002 1221 1047 1268 ax
1064 1203 1133 1268 Dei
1162 1204 1350 1268 voluntate
1365 1209 1435 1267 tau-

327 1293 403 1374 tum
421 1311 679 1394 competentia3
699 1315 773 1374 tum
786 1312 987 1394 extrinsece,
1017 1311 1103 1394 quia
1119 1313 1258 1374 tanturn
1282 1310 1436 1375 exerceri

326 1420 447 1498 potest
463 1416 559 1482 intra
573 1417 661 1483 fines
680 1417 899 1482 Dioeceseos
917 1417 1006 1500 ipsis
1024 1417 1251 1500 adsignatae:
1267 1421 1322 1482 est
1338 1417 1446 1481 etiam·

326 1527 533 1612 dependens
553 1527 722 1609 quoniam
735 1525 907 1609 Episcopi
920 1526 957 1590 in
971 1526 1146 1608 regimine
1160 1543 1308 1590 suarum
1325 1524 1435 1589 Eccle-

326 1611 462 1698 siarum
474 1632 614 1716 legibus
632 1633 863 1716 generalibus
876 1633 937 1697 vel
950 1632 1260 1698 reservationibus
1275 1631 1329 1696 eis
1344 1647 1435 1714 prac-

327 1739 688 1822 seriptissubjacent,
707 1745 743 1805 et
760 1740 991 1806 nibilcontra
1020 1739 1086 1804 has
1111 1741 1171 1805 vel
1203 1739 1286 1804 illas
1322 1756 1434 1821 agere,

323 1847 453 1929 jubere
471 1851 533 1911 aut
550 1847 720 1911 ordinare
740 1846 875 1912 valent.

416 1953 485 2019 Sed
504 1972 582 2020 curn
602 1958 783 2037 potestate
801 1954 986 2019 ordinaria
1012 1959 1049 2018 et
1081 1955 1229 2038 propria
1261 1955 1437 2036 potiantur

328 2059 521 2126 Antistites
539 2059 739 2142 Ecclesiae,
759 2061 894 2126 eisdem
911 2079 1000 2126 vere
1025 2061 1199 2142 competit
1228 2061 1325 2124 intra
1358 2061 1435 2125 lirni-

327 2171 382 2232 tes
399 2185 544 2232 suarum
563 2167 792 2234 Dioecesium
809 2169 944 2252 triplex
961 2169 1119 2234 facultas
1132 2169 1338 2256 lepistatioa,
1348 2169 1436 2257 jodi-

328 2275 429 2340 eialis
446 2279 482 2339 at
497 2277 702 2341 eoeaecutrbo.

417 2381 461 2444 Vi
485 2381 670 2446 facultatis
702 2383 928 2468 legislatioae,
947 2383 1048 2465 leges
1081 2381 1324 2464 particulares
1351 2382 1436 2447 ferre

328 2491 478 2569 possunt
495 2487 591 2552 intra
608 2489 670 2553 vel
687 2494 794 2552 extra
810 2486 993 2570 Synodum
1012 2488 1277 2554 Dioecesanam
1295 2488 1341 2552 ad
1373 2505 1435 2552 nra-

327 2593 383 2676 gis
401 2595 687 2676 promovendam
702 2593 974 2678 urgendamque
992 2595 1264 2662 observantiam
1278 2602 1315 2659 et
1338 2595 1436 2660 adim·

327 2700 524 2784 pletiouem
537 2701 658 2786 legum
672 2702 909 2785 generalium,
927 2704 1035 2784 juxta
1062 2703 1261 2786 specialem
1290 2699 1436 2766 indolem

327 2807 444 2890 plebis
458 2809 693 2891 christianae,
712 2810 769 2874 cui
783 2809 1056 2892 praeficiuntur,
1072 2807 1165 2874 unde
1180 2809 1282 2892 leges
1297 2823 1435 2892 genera·

327 2915 380 2980 les
396 2915 470 2980 suis
487 2917 632 2982 statutis
650 2917 710 2981 vel
729 2915 1044 2980 constitutionibus
1069 2915 1212 2980 sancire
1238 2919 1275 2978 et
1302 2915 1436 2978 firmare

328 3026 476 3103 queunt,
495 3021 558 3086 sed
576 3026 715 3088 tanturn
732 3023 903 3104 addendo,
922 3040 1106 3105 nunquam
1120 3039 1209 3086 vcro
1225 3020 1436 3099 detrahendo,

329 3132 365 3192 at
377 3128 408 3192 si
425 3131 556 3210 agatur
574 3128 618 3192 de
635 3129 679 3193 iis
696 3129 804 3194 rebus
821 3130 857 3192 in
876 3130 1017 3212 quibus,
1033 3130 1140 3211 juxta
1156 3132 1313 3192 mentem
1330 3134 1366 3191 et
1381 3125 1436 3190 Ec·

328 3234 462 3300 clasiae
476 3252 644 3318 canones,
660 3237 887 3300 uniformitas
900 3236 1083 3300 servanda
1097 3239 1164 3318 est,
1180 3235 1232 3298 uti
1246 3234 1286 3298 nt
1298 3234 1333 3298 in
1346 3234 1435 3298 litur-

328 3342 389 3425 gia
401 3346 438 3408 et
465 3343 732 3426 impedimentis
759 3343 991 3424 Matrimonii,
1007 3360 1106 3408 mere
1121 3342 1346 3426 assequendo.

418 3450 462 3514 Vi
478 3451 664 3515 facultatis
677 3450 872 3536 judicialis,
888 3448 1055 3531 jndicare
1073 3448 1199 3514 valent
1212 3448 1250 3514 in
1264 3449 1379 3530 prima
1393 3447 1435 3510 in·

329 3557 464 3623 stantia
481 3557 517 3622 in
533 3559 613 3622 foro
631 3561 795 3637 externo,
815 3562 851 3621 et
867 3556 986 3638 quoad
1000 3556 1116 3620 forum
1129 3555 1311 3620 internum
1323 3552 1435 3620 Poeni·

328 3665 490 3730 tentiarii
508 3669 591 3730 sunt
608 3682 674 3748 pro
693 3669 766 3728 tota
784 3663 963 3746 Dioecesi,
979 3665 1031 3728 itu
1044 3667 1082 3727 ut
1096 3664 1234 3728 caeteri
1247 3663 1435 3728 habeantur

329 3779 513 3855 tamquam
527 3774 687 3854 ipsorum
700 3771 859 3852 delegati
874 3772 933 3836 vel
948 3789 970 3834 a
982 3771 1064 3853 J'ure
1076 3771 1138 3835 vel
1152 3769 1198 3834 ab
1209 3769 1364 3850 homine,
1377 3765 1434 3830 sal·

328 3899 377 3943 va
394 3897 538 3962 semper
555 3883 740 3960 potestate
756 3877 959 3956 Pontificia;
978 3877 1145 3943 similiter
1161 3894 1268 3941 casus
1296 3876 1363 3940 sibi
1390 3887 1435 3935 re·

329 4003 479 4050 servare
495 3991 530 4050 et
550 3984 594 4049 de
612 3985 811 4050 reservatis
828 3983 1024 4066 Papalibus
1042 3983 1255 4065 dispensare
1286 3981 1433 4064 possunt,
1509 3997 1510 4000 ¹

328 4091 525 4156 secundum
545 4109 709 4156 normam
725 4095 761 4154 et
773 4109 978 4155 mensuram
994 4089 1240 4155 concessionis
1257 4089 1319 4153 vel
1349 4085 1433 4152 attri-
1509 4151 1510 4154 ,

329 4197 487 4262 butionis
503 4197 574 4261 iilis
591 4197 810 4281 impertitae.

419 4305 463 4369 Vi
479 4305 665 4370 facultatis
675 4307 901 4387 assecutiooo,
916 4309 1066 4388 possunt
1079 4303 1235 4386 denique
1247 4305 1433 4389 petramora,
