3146 4980
585 373 704 432 -383
728 405 766 417 -

115 509 349 580 Occidentale
362 515 429 582 sub
443 516 552 580 finem
568 516 706 582 saeculi
723 515 809 582 XIV
826 516 997 599 assurgit;
1018 515 1048 580 si
1079 533 1168 581 vero
1182 531 1239 580 or·

117 621 183 684 tum
207 621 398 706 formalem
429 621 667 704 inquiramus,
698 641 721 686 a
751 623 1053 688 Protestantismo
1089 623 1238 687 saeculo

113 725 192 790 XVI
208 727 361 792 ineunte
379 727 601 810 repetendus
619 733 687 793 est.

195 832 242 898 Et
259 834 406 916 quidem
421 834 688 917 quamplurima
703 835 803 898 lacta
819 833 994 898 historice
1010 833 1115 898 nobis
1133 834 1240 916 liqui-

113 937 154 1002 de
169 939 369 1004 ostendunt
400 939 498 1022 apud
522 940 722 1004 catholicas
753 941 921 1004 nationes
944 959 966 1004 a
995 940 1066 1004 flue
1100 940 1240 1004 saeculi

112 1043 192 1110 XIV
201 1046 283 1127 jam
301 1048 466 1128 reperire
482 1047 657 1128 germina,
685 1053 722 1111 ut
746 1047 798 1110 ita
822 1047 953 1128 dicam,
972 1047 1166 1128 primaeva
1201 1051 1240 1110 et

113 1153 319 1218 materialia
335 1154 560 1236 systematis
591 1153 687 1235 quod
716 1153 821 1218 modo
852 1154 1078 1236 perscrutari
1111 1170 1239 1236 aggre-

113 1256 238 1322 dimur:
260 1277 357 1324 anno
375 1259 554 1342 siquidem
572 1259 670 1339 1378,
690 1277 814 1324 omnes
827 1265 974 1340 norunt,
994 1265 1134 1325 mortuo
1151 1259 1241 1326 Gre-

114 1364 211 1442 gorio
240 1365 297 1430 Xl
310 1371 347 1430 et
361 1366 478 1430 electo
496 1364 645 1429 Urbano
664 1365 726 1445 VI,
756 1373 875 1430 ortum
903 1383 984 1430 esse
1014 1367 1240 1430 teterrimum

114 1467 277 1536 Schisma
297 1469 516 1552 Occidentis,
536 1490 606 1554 quo
635 1489 681 1536 ex
712 1479 875 1554 tempore
894 1471 1096 1553 Principes,
1131 1477 1241 1553 prout

115 1577 172 1641 uni
185 1578 248 1644 vel
268 1579 376 1644 alteri
389 1579 556 1642 Pontifici
570 1579 826 1660 adhaererent,
843 1581 1033 1643 sanctione
1050 1579 1151 1643 civili
1165 1596 1239 1643 mu·

23 1707 24 1764 j
116 1683 189 1748 nire
207 1689 245 1750 et
261 1704 327 1751 suo
345 1686 504 1750 examini
521 1686 702 1767 subjicere
719 1686 935 1768 inceperunt
964 1685 1089 1749 Bullas
1118 1686 1240 1750 Ponti·

117 1788 213 1856 dcias
227 1809 342 1856 eausa
355 1791 567 1858 admittendi
589 1809 680 1874 quas
696 1792 798 1876 Papa
809 1809 898 1856 suae
910 1792 1141 1856 obedientiae
1156 1791 1240 1856 ede·

24 1917 25 1920 ¹
117 1901 180 1978 ret,
199 1904 441 1981 caeterasque
457 1898 658 1979 rejiciendi.

24 2081 25 2090 ἵ
201 2005 633 2070 Hinccernimus:1.⁰in
666 2004 799 2086 Gallia,
834 2004 974 2070 Ducem
998 2004 1240 2086 Andagaven·

24 2099 25 2102 ’
119 2125 189 2175 sem
221 2113 338 2195 Regni
369 2111 703 2187 administratorem
735 2129 830 2175 anno
863 2111 948 2175 1381
991 2112 1242 2175 coeroecuisse

120 2213 307 2284 Rectorem
323 2217 581 2282 Universitatis
600 2218 828 2298 Parisiensis,
863 2219 923 2300 qui
941 2216 1065 2281 Bullas
1098 2217 1239 2282 Urbani

121 2319 165 2386 VI
177 2314 446 2406 publicaverat,
462 2343 543 2389 cum
561 2342 713 2407 regnum
726 2322 871 2388 Galliae
896 2323 1062 2389 Pontifici
1080 2323 1239 2387 Avenio-

122 2432 218 2496 nensi
234 2450 300 2498 seu
318 2430 495 2497 Clementi
512 2432 579 2497 VH
597 2430 826 2512 adhaereret,
845 2435 882 2495 et
899 2449 994 2496 anno
1021 2430 1116 2513 1399,
1131 2448 1178 2496 ex
1195 2449 1240 2496 eo

122 2538 212 2615 quod
227 2539 421 2604 Pontifices
437 2537 724 2619 Avenionenses,
744 2538 865 2602 multis
893 2537 1098 2618 indigentes
1128 2537 1240 2602 facile

123 2647 360 2712 concederent
377 2629 518 2708 litteras
535 2644 802 2726 expectativas,
822 2651 858 2707 et
873 2646 1067 2725 pensiones
1093 2645 1240 2725 aliaque

123 2765 230 2818 onera
246 2769 356 2834 super
372 2751 550 2816 beneficia
566 2751 808 2832 imponerent,
828 2748 973 2813 Olerum
991 2751 1027 2814 in
1058 2753 1242 2814 conventu

123 2861 214 2938 apud
230 2860 412 2926 Lutetiam
428 2859 649 2924 Parisiorum
677 2857 801 2923 habito
820 2858 866 2921 ab
885 2857 1093 2922 obedientia
1112 2857 1241 2920 utrius·

124 2979 187 3044 que
202 2966 387 3032 Pontifiois
400 2983 439 3030 se
462 2964 690 3046 subduxisse,
710 2965 888 3046 simulque
916 2964 1052 3046 Regem
1069 2963 1242 3027 statuisse

123 3073 255 3139 nullum
271 3073 489 3154 rescriptum
501 3072 647 3154 papale,
668 3070 764 3153 quod
772 3071 915 3152 J'uribus
938 3075 974 3134 et
1006 3070 1238 3134 libertatibus

123 3169 305 3244 Ecclesiae
336 3177 551 3244 Gallicanae
584 3177 860 3256 adversaretur,
900 3177 1127 3242 exsecutioni
1159 3193 1242 3240 esse

124 3286 375 3352 mandandum:
400 3282 452 3350 2.⁰
469 3285 504 3348 in
519 3284 666 3368 Anglia,
693 3285 762 3348 etsi
779 3283 945 3349 Pontifici
959 3283 1120 3348 Romano
1136 3300 1243 3364 pare·

124 3396 188 3476 ret,
204 3393 473 3458 Parlamentum
490 3391 593 3472 regni
608 3409 703 3455 anuo
718 3391 804 3455 1391
822 3392 936 3454 multa
954 3391 1184 3454 constituisse
1202 3390 1241 3452 in

125 3499 381 3582 praejudicium
394 3497 637 3580 Ecclesiae,et
650 3497 745 3562 inter
759 3498 832 3561 alia
846 3500 1240 3562 neminemexoommu·

125 3601 278 3696 bicatum
294 3605 422 3670 haberi
435 3621 542 3686 posse
559 3603 708 3687 aPapa,
726 3621 796 3668 nec
813 3604 952 3668 nullum
981 3603 1012 3684 ej
1020 3619 1059 3666 us
1089 3617 1240 3682 praece-

126 3713 313 3798 ptumessc
331 3709 613 3792 exsequendum,
633 3711 685 3774 uti
710 3714 894 3774 testantur
921 3708 1111 3774 Polidorus
1124 3705 1243 3788 Virgi-

125 3813 188 3884 lius
222 3820 258 3884 in
292 3837 358 3883 sua
374 3819 529 3900 Angliae
566 3819 726 3884 Historia
752 3824 790 3881 et
821 3816 1080 3882 Genebrardus
1110 3815 1147 3877 in
1177 3830 1244 3877 sua

127 3919 302 3992 mettica:
322 3923 371 3992 3.⁰
385 3926 421 3990 in
438 3925 562 3990 Sicilia
578 3925 713 4007 Regem
731 3923 925 3988 Martiuum
955 3923 992 3986 in
1016 3920 1240 4002 Aragoniam

126 4034 365 4114 profecturum
380 4051 475 4098 anno
494 4032 579 4096 1405
598 4031 757 4096 vetuisse
776 4030 955 4112 publicari
972 4028 1132 4094 Litteras
1150 4027 1246 4092 Pon·

126 4136 462 4221 tiflciassineregio
495 4139 630 4220 placet3
663 4137 796 4202 etenim
828 4134 940 4200 Siculi
972 4134 1161 4204 Bonifatio
1194 4133 1243 4197 lX

127 4237 259 4310 Urbani
272 4245 321 4311 VI
337 4245 546 4310 Successori
563 4243 881 4326 obtemperabant,
901 4240 986 4306 dum
1010 4242 1101 4324 ipse,
1121 4243 1248 4324 utpote
