3120 4988
585 455 734 512 ..19-

105 595 178 676 quia
210 613 282 662 non
311 596 422 662 babet
449 596 628 662 rationem
655 597 1112 682 sufficientem,siquidem
1141 603 1220 666 tota

104 702 186 766 ratio
207 703 393 768 sufficiens
410 702 598 768 societatis
615 703 652 767 in
669 704 741 770 fine
757 704 828 770 sita
840 710 909 771 est.
926 706 1041 789 Igitur
1050 707 1135 789 jura
1149 725 1220 772 om·

105 809 167 892 nis,
186 829 285 895 quae
304 827 368 892 pro
398 829 464 875 sua
488 815 620 876 natura
637 811 851 896 cuicumque
880 812 1050 879 societati
1079 831 1220 898 compe·

105 920 186 999 tunt,
205 935 252 982 ex
268 916 429 998 ejusdem
445 917 516 982 fine
532 918 741 983 necessario
759 919 952 1002 prodeunt.

185 1023 240 1088 19.
290 1023 344 1088 Ex
359 1024 587 1106 praestantia
615 1025 695 1118 finis
724 1026 1008 1110 uniuscnjusque
1034 1026 1221 1093 societatis

106 1129 237 1214 proprii
253 1129 479 1196 deducuntur
511 1131 582 1196 tria
614 1132 845 1198 consectaria
877 1133 1000 1218 magni
1035 1134 1220 1216 momenti,

106 1253 191 1318 quae
208 1237 255 1301 ob
273 1238 396 1302 oculos
412 1255 557 1320 semper
573 1238 743 1304 habenda
756 1244 853 1321 sunt,
878 1241 909 1306 si
928 1240 965 1306 in
996 1241 1222 1324 perpenden-

106 1342 153 1407 dis
168 1347 279 1428 atque
293 1348 392 1410 reete
412 1343 626 1410 definiendis
642 1345 810 1412 humanis
824 1347 1060 1413 societatibus
1077 1365 1222 1413 errores

106 1451 218 1516 uitare
236 1452 401 1517 velimus.
791 1463 797 1474 “

189 1558 239 1623 1.⁰
285 1559 339 1624 Ex
352 1560 423 1624 fine
442 1558 641 1626 desumitur
657 1564 695 1627 et
718 1561 826 1642 Juxta
841 1561 943 1625 iilum
957 1559 1221 1626 determinatur

106 1673 207 1732 rictus
215 1667 396 1754 juridicus
413 1685 478 1732 seu
507 1667 665 1751 qualitas
684 1672 720 1733 et
735 1668 920 1753 quantitas
935 1667 1028 1749 juris
1053 1667 1222 1734 societati

106 1773 336 1857 competentis
349 1791 396 1840 ex
408 1775 486 1856 ejus
494 1776 639 1858 natura;
654 1776 747 1841 ratio
763 1775 927 1841 omnibus
941 1779 1055 1858 patet:
1072 1793 1153 1840 cum
1167 1793 1221 1840 so-

107 1880 212 1946 cietas
228 1881 275 1946 sit
291 1899 357 1965 pro
375 1883 594 1948 consociatis
623 1887 808 1965 tamquam
837 1883 994 1949 medium
1019 1882 1067 1948 ad
1098 1899 1222 1948 conse·

106 1988 276 2070 quendum
289 1989 410 2072 finem,
430 1989 550 2072 prouti
563 1989 672 2055 fuerit
685 1989 815 2054 relatio
834 1989 881 2055 ad
898 1989 1018 2071 finem,
1038 1989 1109 2056 erit
1140 2007 1223 2055 con-

106 2103 291 2180 sequenter
308 2101 383 2162 tum
395 2097 526 2162 relatio
541 2097 587 2163 ad
602 2097 817 2163 societatem
836 2097 976 2163 adeum
1003 2096 1222 2176 ordinatam,

107 2205 184 2287 quia
194 2206 251 2286 jus
267 2204 408 2270 babens
426 2205 605 2288 adfinem,
621 2222 687 2288 per
706 2222 745 2272 se
758 2207 818 2288 jus
832 2205 943 2272 babet
966 2205 1013 2270 ad
1039 2205 1159 2270 media
1175 2205 1223 2270 ei·

107 2312 182 2376 dem
206 2315 337 2378 natura
351 2330 417 2377 sua
443 2313 733 2396 proportionata,
763 2315 837 2379 tum
866 2311 1132 2395 determinatio,
1162 2330 1222 2379 no-

107 2435 194 2500 men,
212 2421 405 2486 character
436 2425 473 2486 et
502 2419 720 2504 significatio
745 2421 905 2504 jmidioa
917 2419 1103 2486 societatis
1117 2421 1224 2486 finem

107 2529 342 2609 respectivum
370 2528 638 2610 prosequentis.
659 2527 754 2593 Hinc
778 2527 808 2592 si
823 2529 903 2594 finis
927 2528 1114 2594 societatis
1131 2528 1224 2594 liber

108 2631 161 2715 sit,
178 2637 211 2698 et
222 2635 378 2700 societas
397 2635 607 2700 voluntaria
621 2634 703 2718 erit;
723 2635 754 2700 si
769 2653 858 2700 vero
872 2635 1122 2718 obligatorius,
1140 2641 1224 2700 tunc

106 2739 160 2818 Jus
175 2740 218 2804 ad
234 2742 448 2806 societatem
466 2741 737 2826 obligatorium,
766 2742 900 2825 etipsa
928 2743 1085 2807 societas
1099 2741 1224 2824 juridi-

110 2861 148 2910 ce
161 2849 366 2913 necessaria
390 2866 455 2913 seu
475 2849 696 2933 obligatoria
713 2849 860 2930 evadet;
879 2848 910 2914 si
927 2849 1008 2915 iinis
1036 2849 1146 2916 fuerit
1163 2848 1223 2913 ab·

110 2953 235 3019 solutus
252 2956 313 3021 vel
330 2954 614 3038 conditionatus,
636 2973 678 3021 eo
696 2957 774 3039 ipso
794 2960 957 3038 emerget
970 2956 1030 3038 jus
1047 2955 1094 3021 ad
1111 2954 1223 3020 socie·

111 3063 210 3126 tatem
224 3062 417 3128 relativam
433 3063 638 3128 absolutum
653 3064 714 3128 vel
728 3062 1030 3146 conditionatum,
1045 3063 1223 3148 simulque

111 3163 289 3234 habebitur
318 3169 476 3235 societas
497 3170 656 3254 juridica
688 3188 753 3253 per
778 3187 817 3235 se
834 3170 895 3235 vel
923 3173 1062 3236 tantum
1091 3169 1223 3254 depen-

113 3270 201 3355 dens3
219 3275 374 3360 denique
393 3277 421 3342 si
442 3277 521 3342 finis
535 3278 582 3342 sit
599 3275 801 3359 supremus,
815 3275 1080 3359 independens,
1100 3276 1223 3342 subor-

112 3377 241 3448 dinatus
259 3384 319 3448 vel
337 3383 583 3466 subalternus,
600 3385 661 3464 ‚ius
679 3383 725 3448 ad
739 3383 953 3449 societatem
971 3400 1037 3466 pro
1051 3399 1223 3465 assequu-

113 3484 197 3554 tione
222 3491 302 3554 finis
334 3492 532 3573 respectivi
562 3491 608 3555 ad
636 3490 801 3556 eumdem
830 3489 996 3555 ordinem
1027 3489 1221 3571 spectabit,

114 3597 208 3678 atque
231 3598 341 3662 etiam
367 3602 541 3682 exsurget
568 3598 725 3664 societas
750 3614 934 3680 suprema,
955 3595 1221 3680 independens,

113 3701 333 3769 subordinate
352 3705 410 3770 vel
428 3705 692 3771 subalternata.

188 3809 237 3874 22⁰
283 3809 338 3874 Ex
355 3816 488 3876 natura
512 3811 593 3877 finis
611 3811 758 3894 insuper
772 3809 960 3875 derivatur
980 3825 1024 3874 ac
1043 3807 1224 3891 dignosci-

114 3915 161 3978 tur
181 3919 375 3984 concuretio
398 3919 536 3985 iuterna
564 3918 761 4000 societatis,
788 3917 927 4000 subque
956 3915 1025 3980 boo
1048 3919 1219 3998 respectu

112 4022 256 4101 ejusdem
276 4028 332 4090 vis
356 4043 419 4090 seu
436 4025 577 4092 indoles
590 4024 761 4108 juridioa;
780 4023 926 4108 quando
953 4023 1048 4088 enim
1066 4023 1148 4088 ilnis
1166 4026 1221 4088 est

112 4130 203 4216 liber,
220 4137 378 4201 societas
405 4138 461 4200 est
477 4153 543 4218 per
559 4153 599 4200 se
617 4133 794 4217 aequalis,
814 4133 866 4198 ita
885 4134 1095 4215 nuncupata
1114 4149 1160 4196 ex
1179 4149 1222 4196 eo

113 4243 195 4321 qu'od
216 4261 340 4309 omnes
357 4245 446 4309 socii
468 4244 597 4309 eadem
621 4245 803 4326 potestate
827 4258 894 4324 pro
911 4240 1089 4324 regimine
1105 4240 1219 4305 socie·

113 4349 185 4414 tatis
208 4351 402 4433 gaudeant,
421 4353 507 4417 licet
531 4356 660 4435 postea
685 4350 816 4414 mutuis
842 4347 959 4430 pactis
976 4347 1217 4429 inaequalita-
