3030 4990
448 367 462 392 ⁹
547 384 722 443 „153-

92 529 310 596 eccleciaeticia
326 531 442 594 caurio
455 529 558 616 Regio
575 531 734 596 colonica
747 532 978 598 socerdotibus
994 537 1191 616 eatpoatpo·

91 637 197 717 reoda·
224 653 304 701 can.
325 636 356 702 V
374 637 528 719 (Nicolai
544 636 562 701 Ι
579 637 624 702 ad
642 637 857 703 Michaelem
888 639 1003 721 impl:
1023 659 1108 724 qaue
1138 659 1192 704 sc·

90 745 242 810 cordatum
255 753 336 810 suut
350 746 499 831 Regibus
510 766 681 831 usurpare
695 769 763 812 ooo
775 747 866 827 licet;
884 763 964 810 can.
981 745 1030 809 Vl
1042 745 1090 826 (S.
1106 743 1193 810 Gre-

88 853 165 932 gorii
181 852 381 934 Nazianz.):
407 853 750 940 Tribuuolt'arcqum
765 861 846 921 scot
876 853 1085 920 sacerdotali
1097 860 1192 938 pote·

87 961 161 1025 stati
175 963 337 1048 subjecta.

105 1145 113 1162 ι
160 1066 211 1131 86.
258 1067 439 1133 Probatur
455 1067 507 1134 6.⁰
526 1089 569 1134 erc
585 1070 745 1135 Ratione.
764 1068 792 1150 ⁸)
826 1069 998 1134 Facultas
1028 1068 1192 1152 regendi,

83 1172 265 1256 Judicandi,
285 1176 459 1259 legesque
493 1177 592 1240 circa
623 1194 681 1240 res
715 1175 987 1242 ecclesiasticas
1016 1177 1194 1241 condendi

86 1280 206 1363 absque
220 1282 294 1346 alla
311 1281 538 1348 dubitatione
554 1287 610 1348 est
625 1287 728 1348 actus
738 1283 1015 1367 jurisdictionis,
1031 1283 1077 1348 ad
1091 1285 1193 1366 cujus

85 1389 294 1471 exercitium,
310 1390 418 1470 juxta
434 1389 684 1454 Tridentinam
704 1390 948 1456 definitionem
978 1392 1015 1456 in
1046 1409 1194 1475 praece·

86 1491 171 1558 denti
186 1496 337 1560 articulo
355 1497 518 1579 allatam,
533 1498 602 1564 duo
621 1499 867 1582 requiruntur,
885 1501 1059 1566 ordinatio
1071 1499 1195 1564 valide

85 1603 116 1663 et
130 1601 285 1684 legitima
297 1605 429 1686 micci03
449 1607 548 1688 atqui
562 1605 692 1689 Reges,
711 1614 890 1689 quatenus
905 1607 997 1672 tales
1012 1612 1107 1688 sunt,
1126 1607 1195 1670 hoc

85 1713 142 1791 est,
156 1711 293 1776 ratione
313 1713 589 1796 principatuset
605 1715 642 1779 vi
672 1715 832 1796 supremi
864 1715 1007 1798 imperii
1040 1722 1194 1797 utraque

84 1815 275 1882 conditione
290 1799 478 1883 essentiali
490 1825 630 1900 carent3
646 1819 758 1902 igitur
771 1819 872 1884 nulla
886 1820 1103 1884 auctoritate
1117 1820 1194 1883 iun-

84 1929 202 2002 guntur
218 1925 265 1990 ad
281 1924 518 2009 moderanda,
533 1926 734 2008 judicanda
766 1929 826 1992 vel
839 1927 922 2009 jure
946 1928 1094 2010 proprio
1112 1925 1194 1990 diri-

4 2099 5 2114 ,
84 2030 201 2095 menda
230 2032 404 2114 religiosa
434 2035 593 2116 negotia,
624 2034 779 2117 ideoque
812 2040 974 2117 potestas
1006 2033 1194 2098 Ecclesiae

84 2136 178 2216 plene
194 2139 443 2224 independens
461 2145 517 2205 est
535 2142 640 2224 iniis,
660 2160 755 2224 quae
773 2142 820 2206 ad
844 2160 945 2206 suum
964 2139 1126 2206 ordinem
1140 2158 1194 2204 re·

84 2243 245 2330 feruntur,
266 2266 529 2332 aquocumque
557 2249 659 2315 civili
683 2250 835 2333 imperio
861 2249 922 2315 vel
950 2248 1102 2332 politica
1134 2266 1193 2312 au·

84 2352 251 2418 ctoritate.

159 2462 188 2539 b)
236 2459 274 2526 Si
291 2464 454 2545 potestas
467 2461 657 2528 Ecclesiae
674 2463 904 2548 Principibus
923 2465 983 2529 vel
998 2464 1193 2529 saeculari·

83 2563 424 2653 busliagistratibus
455 2571 633 2654 subesset,
665 2573 736 2636 tria
769 2575 1009 2655 sequerentur
1037 2571 1195 2636 absurda

85 2689 216 2752 prorsus
230 2677 444 2759 rejicienda,
464 2677 537 2742 nisi
551 2678 765 2744 admittatur
777 2679 839 2743 vel
855 2682 1081 2761 supponatur
1094 2678 1195 2744 Divi-

83 2797 154 2848 num
164 2785 355 2851 Ecclesiae
369 2785 616 2851 Fundatorem
630 2786 744 2868 ipsius
754 2786 815 2850 fini
827 2803 898 2849 non
906 2785 1111 2868 providisse
1124 2786 1194 2849 suf·

84 2887 245 2958 ficienter:
266 2891 318 2957 1.⁰
334 2899 436 2958 recta
454 2891 642 2958 Ecclesiae
660 2892 926 2958 administratio
957 2894 1128 2974 precaria
1144 2894 1194 2956 lo·

84 3005 140 3080 ret,
153 3000 330 3084 siquidem
345 3006 420 3065 tota
433 3019 455 3065 a
467 3002 565 3066 bona
577 3002 769 3065 voluntate
783 3001 989 3083 Principum
1004 2999 1192 3082 penderet;

84 3101 154 3170 hinc
169 3109 199 3171 si
216 3109 350 3172 bonum
368 3109 530 3190 regimen
544 3109 754 3190 haberetur,
776 3105 953 3188 ejusmodi
969 3107 1056 3171 ordo
1086 3113 1195 3190 atque

85 3213 215 3294 sapiens
227 3214 445 3297 gubernatio
463 3219 705 3299 exsurgerent
719 3217 866 3302 fortuito
884 3221 920 3279 et
928 3235 997 3300 per
1022 3215 1193 3296 occidens,

4 3303 6 3308 ¹
84 3333 144 3384 non
157 3330 403 3406 permanenter
421 3333 457 3388 et
467 3343 535 3409 per
547 3345 594 3406 se,
613 3322 734 3405 idest,
756 3341 802 3387 ex
831 3327 965 3387 natura
983 3319 1073 3386 iacti
1091 3327 1128 3386 et
1144 3324 1194 3387 in·

85 3425 265 3494 stitutionis
296 3430 454 3512 divinae,
474 3431 544 3495 nisi
570 3431 668 3495 Deus
700 3436 857 3496 meatem
893 3430 1192 3512 voluntatemque

85 3527 276 3620 Principum
290 3537 470 3601 continuis
488 3537 672 3602 miraculis
690 3537 889 3602 concordes
905 3537 1081 3618 efficeret,
1099 3537 1194 3620 quod

85 3647 168 3708 esset
182 3644 315 3710 falsum
328 3662 507 3728 asserere,
522 3650 558 3710 et
575 3645 713 3729 absque
732 3646 808 3710 ulla
837 3645 1057 3710 necessitate
1076 3645 1193 3709 multi-

86 3747 208 3828 plicare
226 3755 415 3836 miracula,
430 3754 479 3821 2.⁰
494 3753 682 3820 Ecclesiae
697 3755 816 3820 unitas
829 3755 1069 3830 scinderetur,
1086 3754 1193 3818 immo

86 3869 160 3921 vcro
172 3861 315 3942 penitus
333 3865 531 3944 corrueret,
557 3860 849 3944 quandoquidem
868 3860 971 3926 multi
990 3863 1112 3924 essent
1128 3859 1193 3923 Re·

88 3970 139 4034 ios
154 3964 211 4028 vel
227 3962 394 4046 Supremi
411 3961 659 4030 Moderatores
676 3964 863 4029 societatis
880 3963 1000 4028 civilis
1015 3963 1096 4045 pari
1111 3963 1194 4044 jure
1211 3985 1212 3990 ¹

88 4069 226 4141 praediti
242 4071 279 4136 in
295 4071 479 4136 territorio
511 4071 673 4154 proprio;
709 4075 818 4154 atque
852 4069 989 4134 idcirco
1022 4069 1194 4135 deficeret

89 4172 191 4242 unitas
207 4179 355 4262 proprie
367 4178 526 4260 jnridica
542 4196 607 4244 seu
620 4179 818 4262 regiminis,
839 4183 875 4243 et
892 4183 1033 4244 tantum
1050 4178 1194 4243 adesset

91 4284 250 4357 quaedam
267 4285 388 4352 unitas
404 4285 599 4368 eiectuum,
614 4285 731 4350 veluti
745 4285 840 4349 inter
852 4285 1048 4352 societates
1062 4284 1193 4348 amica·
