3030 4990
544 473 704 528 ..81...

75 617 157 696 sent,
186 615 288 698 leges
318 615 451 680 adres
482 615 752 680 ecclesiasticas
780 615 976 681 attinentes
1005 618 1187 701 complexi

73 727 158 802 sunt,
177 721 228 786 ita
245 725 369 786 tamen
388 726 426 786 ut
440 721 618 804 ejusmodi
634 723 735 804 leges
753 739 895 787 omnem
913 723 987 788 vim
1000 723 1186 807 obligandi

73 847 92 890 a
115 830 297 894 canonicis
341 831 590 895 sanctionibus
619 829 883 913 derivaverint,
909 851 1011 914 conc,
1036 849 1102 914 per
1131 849 1184 897 ss-

73 936 173 1017 ipsaS,
192 935 260 1002 hoc
287 939 354 1018 est,
372 937 523 1002 seorsim
538 955 560 1001 a
578 937 693 1002 sacris
712 937 912 1002 canonibus
929 939 1132 1004 efficaciam
1150 943 1186 1004 et

73 1047 172 1112 robur
188 1046 392 1130 habuerint,
413 1069 507 1133 nepo,
525 1047 621 1130 quod
640 1047 871 1111 manifestum
889 1047 951 1111 fiet
966 1049 1185 1131 praecipuas

74 1152 305 1219 Collectiones
318 1154 533 1237 singillatim
552 1157 589 1219 et
601 1153 818 1219 brevissime
834 1154 1105 1238 perpendendo.

153 1261 202 1324 1.⁰
249 1259 534 1326 Constitutiones
548 1261 758 1344 imperiales
776 1261 875 1325 circa
888 1278 947 1326 res
964 1262 1182 1327 ecclesiasti·

73 1383 126 1429 cas
143 1373 333 1433 versantes
360 1372 396 1432 et
424 1369 461 1432 in
479 1365 673 1433 (lodicibus
690 1367 943 1433 Theodosiano
961 1373 998 1432 et
1013 1369 1034 1434 J
1038 1369 1183 1434 ustinia-

73 1491 131 1539 neo
158 1475 298 1541 relatae
328 1482 479 1540 eatenus
497 1477 571 1540 vim
599 1476 844 1558 obtinuerunt,
863 1480 1042 1559 quatenns
1069 1477 1184 1542 saeris

74 1583 259 1648 canonibus
288 1582 579 1662 consentiebant,
601 1583 652 1648 nti
682 1583 892 1648 earumdem
924 1584 1039 1666 origo,
1058 1583 1183 1648 conflr-

74 1690 171 1754 matio
190 1690 253 1758 vel
267 1690 481 1755 retractatio
500 1691 610 1772 plane
640 1689 905 1756 demonstrant:
924 1691 954 1770 ⁸)
971 1689 1183 1773 saepissime

74 1797 236 1878 ejusmodi
249 1799 350 1880 leges
369 1797 413 1862 de
432 1798 551 1862 causis
568 1797 829 1862 ecclesiasticis
847 1801 998 1880 agentes
1012 1797 1072 1863 vel
1089 1815 1109 1862 e
1125 1815 1183 1862 ca·

74 1905 213 1971 nonibns
231 1906 291 1971 vel
306 1923 326 1970 e
339 1905 499 1971 moribus
516 1905 553 1970 in
566 1905 732 1970 Ecclesia
744 1905 903 1989 receptis
916 1903 1068 1970 haustae
1085 1909 1181 1984 sunt,

75 2018 218 2079 testante
235 2015 390 2098 ipsomet
405 2013 427 2078 J
430 2013 625 2097 ustiniano,
645 2014 718 2097 qni,
738 2013 901 2096 pluribus
918 2013 955 2076 in
971 2012 1062 2077 locis
1079 2029 1183 2096 prae·

74 2123 183 2186 sertim
197 2123 234 2186 in
251 2123 408 2189 Novellis
425 2123 457 2204 6,
475 2121 519 2187 83
536 2125 573 2188 et
591 2121 654 2187 123
672 2125 798 2204 aperte
816 2122 934 2186 fassus
952 2124 1018 2203 est;
1038 2139 1084 2185 en
1097 2139 1182 2204 quo·

76 2229 165 2294 modo
193 2231 353 2314 loquitur
382 2230 418 2294 in
445 2231 532 2296 Noc.
548 2230 605 2294 83:
628 2228 684 2294 “Si
703 2247 792 2295 vcro
821 2229 1109 2294 ecclesiasticum
1137 2228 1184 2294 sit

75 2333 242 2420 delictum,
274 2355 386 2421 egens
415 2337 657 2420 castigatione
687 2336 939 2401 ecclesiastica
968 2339 1004 2400 et
1032 2335 1180 2418 mulcta,

1 2444 2 2447 ’
75 2441 139 2508 Deo
153 2447 332 2511 amabilis
350 2447 543 2530 episcopus
567 2445 636 2511 hoc
653 2444 850 2527 discernat,
870 2443 959 2508 nihil
987 2445 1181 2510 communi·

77 2552 226 2617 cantibus
255 2554 467 2619 clarissimis
491 2553 706 2636 provinciae
719 2551 915 2635 judicibus.
943 2551 1069 2634 Neque
1086 2552 1182 2616 enim

77 2658 226 2726 volumus
243 2660 333 2725 talia
350 2661 498 2744 negotia
527 2660 670 2726 omnino
697 2658 791 2724 scire
817 2659 945 2724 civiles
959 2658 1101 2740 jndices
1128 2677 1181 2723 se·

77 2765 214 2832 cundum
228 2786 354 2833 sacras
368 2772 404 2832 et
420 2769 564 2834 divinus
582 2768 740 2851 regulas,
756 2788 842 2852 qaus
859 2768 963 2834 elium
974 2773 1112 2832 nostroe
1132 2787 1181 2832 sa-

77 2877 197 2954 petiaco
209 2878 442 2962 dedipnantur
454 2879 575 2965 tepea,
600 2875 627 2957 l)
639 2876 767 2943 Novae
781 2876 881 2958 leges
895 2873 941 2939 ab
954 2874 1180 2957 imperatori·
1245 2893 1249 2904 ·

77 2977 131 3045 bus
143 2982 184 3048 de
199 2984 451 3049 ecclesiastica
469 2984 662 3067 disciplina
675 2985 774 3049 latae
789 2983 890 3048 nulla
907 2982 945 3048 vi
958 2981 1179 3064 gaudebant,

78 3086 133 3152 nisi
159 3095 351 3174 postquam
382 3091 582 3157 accedebat
612 3091 801 3156 Ecclesiae
834 3089 1038 3173 acceptatio
1069 3093 1179 3173 atque

78 3197 290 3280 approbatio,
322 3199 429 3281 Juxta
460 3199 672 3281 explicitam
703 3196 930 3280 imperialem
964 3196 1179 3262 declaratio-

1 3352 2 3355 :
78 3315 157 3384 nem:
175 3306 306 3370 etenim
336 3305 453 3371 eidem
476 3305 681 3371 Justiniano
699 3306 752 3369 ita
769 3306 984 3369 reverenter
1009 3304 1055 3368 ad
1071 3303 1180 3368 Joan·

78 3421 146 3472 nem
163 3411 298 3495 Papam
311 3413 497 3479 scribenti:
519 3413 743 3478 “Reddentes
760 3411 934 3477 honorem
953 3409 1179 3493 apostolicae

79 3514 142 3579 sedi
165 3521 199 3582 et
215 3519 369 3584 Vestrae
397 3519 591 3585 Sanctitati
608 3519 717 3604 (quod
745 3535 889 3601 semper
905 3517 1009 3583 nobis
1039 3517 1076 3582 in
1093 3519 1179 3582 voto

79 3619 133 3686 luit
144 3631 177 3690 et
192 3629 259 3707 est)
278 3631 315 3691 et
330 3631 367 3691 ut
379 3627 485 3692 decet
501 3633 655 3711 patrem,
674 3627 894 3692 honorantes
908 3625 1077 3691 Vestram
1090 3625 1178 3690 Bea-

79 3727 262 3817 titndinem,
289 3735 411 3799 omnia
440 3753 532 3817 quae
562 3735 607 3799 ad
634 3734 881 3800 Ecclesiarum
911 3735 1043 3798 statum
1072 3733 1179 3816 perti·
1289 3808 1291 3817 ¹

1 3907 2 3910 Ἴ
80 3846 160 3923 nent,
173 3842 424 3908 festinavimus
439 3843 486 3907 ad
499 3843 664 3908 notitiam
678 3842 821 3908 deferre
834 3841 989 3906 Vestrae
1002 3840 1179 3906 Sanctita-

81 3942 153 4009 lis·..
170 3965 261 4032 quae
286 3954 397 4034 capnt
415 3954 470 4015 est
499 3951 655 4015 omnium
684 3953 894 4014 sanctarum
909 3948 1177 4036 Ecclesiarum,

1 4109 2 4116 ,
81 4049 130 4130 (l),
146 4056 194 4119 sic
218 4057 406 4140 respondit
429 4057 611 4123 Romanus
628 4057 810 4122 Pontifex:
832 4053 955 4136 “Quod
986 4056 1072 4140 qnia
1094 4075 1179 4139 apo·

1 4231 2 4236 ,
81 4159 213 4228 stolicae
231 4164 420 4230 doctrinae
445 4167 629 4246 convenit:
648 4171 766 4230 nostra
784 4164 989 4230 acetositate
1002 4165 1177 4250 confirma·

83 4312 242 4330 ··-—..—--..

139 4431 172 4492 ll)
207 4428 258 4482 Lllr
279 4431 299 4483 l.
314 4431 384 4486 Unci.
398 4434 438 4485 tit.
451 4433 472 4484 Ι.
