3030 4990
574 410 742 467 -141—

103 573 180 638 quac
196 553 242 618 ad
258 553 381 618 bocum
392 551 569 620 Ecclesiae
586 556 735 640 cepionem
759 555 952 640 pertineam
969 555 1032 618 sed
1065 556 1212 638 proprie

101 661 272 744 loquendo
290 660 466 725 differunt
482 660 576 725 inter
590 679 629 725 se
646 660 716 724 hae
733 664 888 743 quatuor
901 679 1024 742 voces,
1044 663 1211 743 Potestas,

101 763 303 848 Auctoritas,
322 767 532 833 Jcrteatcao
551 771 586 832 et
604 769 765 834 Potentia
782 767 985 850 (hispanice
1001 769 1141 850 Poder).

183 873 312 942 Omnia
335 875 427 940 haec
446 875 628 941 vocabule
652 877 775 960 utique
801 881 1008 960 supponunt
1025 883 1134 961 atque
1150 879 1212 944 im-

102 987 242 1063 portant
258 983 294 1047 in
311 1001 376 1048 suo
411 987 591 1066 conceptu
620 983 681 1048 vel
712 983 980 1064 significatione
999 986 1214 1071 facultatem,

94 1093 161 1178 jas,
178 1091 471 1176 superioritatem,
489 1093 526 1153 at
557 1089 851 1154 discriminantur
877 1091 913 1154 in
932 1109 974 1155 eo
993 1092 1087 1175 quod
1100 1093 1212 1159 Potes-

102 1207 149 1264 tas
165 1199 212 1262 sit
236 1198 394 1262 facultas
426 1198 690 1280 independens,
702 1199 762 1279 jus
781 1216 1001 1282 supremum,
1022 1202 1215 1284 superiori-

103 1311 152 1370 tas
169 1307 347 1387 absolute3
362 1303 565 1372 Auctoritas
579 1305 626 1369 sit
643 1305 800 1370 facultas
814 1304 1034 1388 dependens,
1049 1308 1108 1390 J'us
1135 1309 1213 1373 snb-

102 1414 309 1498 ordinatum,
342 1414 582 1497 superioritas
626 1414 798 1495 relativa;
832 1416 1040 1481 Jurlsdt'ctto
1081 1415 1216 1498 duplici

102 1523 301 1588 limitationi
318 1522 522 1604 subjaceas
553 1525 700 1604 praeter
725 1521 820 1585 enim
849 1521 1128 1604 dependentiam
1153 1542 1217 1587 seu

103 1629 440 1710 subordinationem,
452 1627 756 1692 administrationi
770 1635 806 1692 et
819 1629 1042 1694 exsecutioni
1052 1630 1216 1719 justitiae

103 1736 325 1818 restringitur
344 1735 442 1817 (hinc
459 1752 593 1800 causae
610 1736 738 1800 civiles
757 1741 793 1800 et
811 1737 1018 1801 criminales
1037 1737 1084 1801 ad
1100 1738 1217 1820 ipsam

103 1842 330 1927 spectantes),
348 1844 507 1908 Potentia
529 1842 673 1923 (Podar)
703 1843 952 1908 tantummodo
977 1845 1013 1908 in
1043 1863 1109 1909 sua
1137 1863 1216 1927 pro-

103 1948 177 2028 pria
193 1949 340 2013 notione
357 1949 537 2031 significet
550 1949 731 2033 qtroddam
750 1951 961 2015 attributum
984 1953 1042 2015 vel
1071 1969 1216 2034 praero-

104 2057 258 2136 gativam
290 2056 420 2122 summi
451 2058 593 2140 imperii
626 2059 687 2122 vel
720 2058 911 2140 potestatis
944 2075 1147 2140 supremae,
1183 2065 1219 2123 ot

105 2170 243 2244 praeter
256 2164 603 2248 subordinationem,
618 2165 812 2247 sphaeram
828 2165 980 2229 actionis
996 2167 1110 2247 magis
1128 2166 1217 2230 limi·

105 2273 211 2335 tetam
227 2271 349 2354 habet,
369 2273 503 2355 quippe
522 2289 617 2355 quae
633 2271 810 2336 inordina
828 2272 979 2354 speciali
998 2277 1034 2336 et
1052 2271 1217 2337 determi-

105 2381 184 2442 nato
197 2383 428 2443 exercentur.

186 2487 270 2550 Rem
285 2490 400 2551 totam
414 2487 637 2551 illustremus
656 2488 834 2570 exemplis
852 2505 897 2552 ex
915 2488 1060 2570 vulgari
1073 2488 1219 2571 loquen-

106 2589 137 2653 di
176 2593 316 2658 ratione
350 2593 562 2676 desumptis;
596 2594 740 2659 dicitur:
786 2596 973 2660 conflictus
1006 2597 1101 2660 inter
1131 2595 1220 2660 duas

101 2706 279 2782 potestates
294 2701 508 2783 (Ecclesiam
523 2708 559 2766 et
575 2701 743 2783 Statum);
761 2701 904 2788 dicitur:
924 2703 1111 2767 conflictus
1126 2703 1220 2766 inter

107 2811 338 2875 auctoritatem
356 2811 644 2876 ecclesiasticam
660 2816 696 2874 et
713 2811 858 2875 civilem
884 2810 1221 2894 (archiepiscopum

107 2918 139 2977 et
159 2913 472 3000 Gubernatorem);
496 2918 638 2983 dicitur:
669 2919 856 2984 conflictus
881 2918 976 2981 inter
999 2917 1220 3004 jarisdictlo·

107 3026 478 3090 cemecolesiasticam
509 3031 545 3091 et
574 3026 1035 3107 civilethrovisoratum
1052 3025 1112 3090 vel
1145 3025 1218 3089 Tri·

108 3128 211 3196 bunal
233 3133 529 3199 Ecclesiasticum
558 3140 594 3198 et
612 3133 842 3198 audientiam
869 3135 930 3198 vel
963 3133 1120 3198 tribunal
1158 3133 1221 3197 lai·

109 3242 208 3320 oum);
227 3240 371 3304 dicitur:
392 3247 466 3306 tres
475 3243 652 3326 potentiae
672 3240 856 3322 (Poderes)
875 3239 1009 3321 Statue,
1030 3239 1089 3303 vel
1121 3243 1221 3304 ortus

110 3349 159 3408 est
176 3347 361 3413 conflictus
391 3348 487 3412 inter
504 3348 705 3430 potentiam
740 3347 885 3431 (Podar)
914 3347 1159 3430 legislativam
1187 3351 1222 3410 ct

109 3455 298 3531 potentiam
316 3454 460 3538 (Podar)
478 3456 728 3521 exsecutivam
743 3453 927 3537 (Senatum
942 3455 1002 3520 rel
1017 3452 1170 3542 Comitia
1187 3459 1223 3518 et

111 3557 348 3647 Gubernium).

190 3669 355 3753 Demum,
371 3670 547 3736 dictiones
564 3688 628 3736 seu
646 3689 755 3736 voces
773 3672 939 3752 Potestas,
961 3670 1170 3735 Hierarcltia
1187 3675 1223 3734 et

6 3823 7 3826 η
111 3775 286 3844 Politiain
314 3778 383 3843 hoc
415 3778 601 3861 differunt,
633 3777 726 3861 quod
759 3779 915 3844 Potestas
944 3779 990 3842 sit
1022 3778 1222 3842 auctoritas

112 3881 262 3952 theorice
278 3903 343 3952 seu
360 3885 588 3969 speculative
617 3890 796 3969 spectata;
826 3887 1047 3968 Hierarcia'a,
1068 3886 1223 3950 auetori-

114 3991 165 4056 tas
181 3995 339 4076 practice
353 4012 418 4060 seu
434 3995 471 4059 in
489 4000 660 4059 concreto
678 3996 855 4076 inspecta,
871 3993 906 4058 id
924 3998 990 4076 est,
1007 3995 1083 4075 jam
1101 4012 1222 4077 perso·

114 4099 250 4167 nificata
266 4102 303 4167 in
335 4101 525 4168 Ecclesiae
554 4102 841 4185 magistratibus3
855 4103 999 4186 politia,
1016 4102 1133 4166 forma
1160 4119 1222 4166 seu

115 4210 197 4276 ratio
215 4210 410 4277 exercendi
425 4211 715 4276 ecclesiasticam
727 4213 956 4292 potestatem.

193 4318 246 4383 76.
294 4319 504 4384 Jurisdictio
537 4317 786 4400 multipliciter
815 4317 971 4401 dispesci
989 4320 1120 4401 potest;
1140 4315 1223 4382 hinc
