<?xml version="1.0" encoding="UTF-8"?>
<!DOCTYPE html PUBLIC "-//W3C//DTD XHTML 1.0 Transitional//EN"
    "http://www.w3.org/TR/xhtml1/DTD/xhtml1-transitional.dtd">
<html xmlns="http://www.w3.org/1999/xhtml" xml:lang="en" lang="en">
 <head>
  <title>
</title>
<meta http-equiv="Content-Type" content="text/html;charset=utf-8" />
  <meta name='ocr-system' content='tesseract 3.04.00' />
  <meta name='ocr-capabilities' content='ocr_page ocr_carea ocr_par ocr_line ocrx_word'/>
</head>
<body>
  <div class='ocr_page' id='page_1' title='image "./juspublicumeccl01ferngoog_0118.png"; bbox 0 0 3030 4990; ppageno 0'>
   <div class='ocr_carea' id='block_1_1' title="bbox 551 421 707 478">
    <p class='ocr_par' dir='ltr' id='par_1_1' title="bbox 551 421 707 478">
     <span class='ocr_line' id='line_1_1' title="bbox 551 421 707 478; baseline 0.013 -14"><span class='ocrx_word' id='word_1_1' title='bbox 551 421 707 478; x_wconf 76' lang='lat'>-99-</span> 
     </span>
    </p>
   </div>
   <div class='ocr_carea' id='block_1_2' title="bbox 76 563 1191 4294">
    <p class='ocr_par' dir='ltr' id='par_1_2' title="bbox 82 563 1191 753">
     <span class='ocr_line' id='line_1_2' title="bbox 83 563 1191 648; baseline 0.002 -22"><span class='ocrx_word' id='word_1_2' title='bbox 83 579 241 646; x_wconf 76' lang='lat' dir='ltr'><strong>respuere</strong></span> <span class='ocrx_word' id='word_1_3' title='bbox 257 564 359 630; x_wconf 81' lang='lat' dir='ltr'><strong>salet</strong></span> <span class='ocrx_word' id='word_1_4' title='bbox 376 565 567 630; x_wconf 87' lang='lat' dir='ltr'><strong>universas</strong></span> <span class='ocrx_word' id='word_1_5' title='bbox 586 565 698 648; x_wconf 85' lang='lat' dir='ltr'><strong>leges,</strong></span> <span class='ocrx_word' id='word_1_6' title='bbox 719 583 810 648; x_wconf 88' lang='lat' dir='ltr'><strong>quas</strong></span> <span class='ocrx_word' id='word_1_7' title='bbox 827 567 945 630; x_wconf 87' lang='lat' dir='ltr'><strong>status</strong></span> <span class='ocrx_word' id='word_1_8' title='bbox 959 563 1083 630; x_wconf 91' lang='lat' dir='ltr'><strong>tulerit</strong></span> <span class='ocrx_word' id='word_1_9' title='bbox 1110 580 1191 630; x_wconf 91' lang='lat' dir='ltr'><strong>curn</strong></span> 
     </span>
     <span class='ocr_line' id='line_1_3' title="bbox 82 669 742 753; baseline 0.003 -20"><span class='ocrx_word' id='word_1_10' title='bbox 82 670 129 734; x_wconf 88' lang='lat' dir='ltr'><strong>sui</strong></span> <span class='ocrx_word' id='word_1_11' title='bbox 141 669 282 753; x_wconf 81' lang='lat' dir='ltr'><strong>injuria,</strong></span> <span class='ocrx_word' id='word_1_12' title='bbox 303 689 415 736; x_wconf 91' lang='lat' dir='ltr'><strong>onere</strong></span> <span class='ocrx_word' id='word_1_13' title='bbox 432 673 493 737; x_wconf 91' lang='lat' dir='ltr'><strong>vel</strong></span> <span class='ocrx_word' id='word_1_14' title='bbox 512 671 742 738; x_wconf 87' lang='lat' dir='ltr'><strong>detrimento.</strong></span> 
     </span>
    </p>

    <p class='ocr_par' dir='ltr' id='par_1_3' title="bbox 76 778 1190 2044">
     <span class='ocr_line' id='line_1_4' title="bbox 159 778 1190 862; baseline 0.001 -19"><span class='ocrx_word' id='word_1_15' title='bbox 159 778 209 842; x_wconf 86' lang='lat'><strong>3.⁰</strong></span> <span class='ocrx_word' id='word_1_16' title='bbox 253 779 456 862; x_wconf 90' lang='lat' dir='ltr'><strong>Postremo,</strong></span> <span class='ocrx_word' id='word_1_17' title='bbox 475 779 576 862; x_wconf 86' lang='lat' dir='ltr'><strong>leges</strong></span> <span class='ocrx_word' id='word_1_18' title='bbox 609 781 760 862; x_wconf 74' lang='lat' dir='ltr'><strong>injustas</strong></span> <span class='ocrx_word' id='word_1_19' title='bbox 788 781 850 844; x_wconf 89' lang='lat' dir='ltr'><strong>aut</strong></span> <span class='ocrx_word' id='word_1_20' title='bbox 881 778 976 844; x_wconf 90' lang='lat' dir='ltr'><strong>bono</strong></span> <span class='ocrx_word' id='word_1_21' title='bbox 1008 778 1190 862; x_wconf 84' lang='lat' dir='ltr'><strong>spirituali</strong></span> 
     </span>
     <span class='ocr_line' id='line_1_5' title="bbox 81 883 1189 969; baseline 0.002 -21"><span class='ocrx_word' id='word_1_22' title='bbox 81 887 193 952; x_wconf 68' lang='lat' dir='ltr'><strong>nomae</strong></span> <span class='ocrx_word' id='word_1_23' title='bbox 208 886 318 968; x_wconf 88' lang='lat' dir='ltr'><strong>plane</strong></span> <span class='ocrx_word' id='word_1_24' title='bbox 332 886 487 967; x_wconf 84' lang='lat' dir='ltr'><strong>rejicere</strong></span> <span class='ocrx_word' id='word_1_25' title='bbox 501 890 538 950; x_wconf 91' lang='lat' dir='ltr'><strong>et</strong></span> <span class='ocrx_word' id='word_1_26' title='bbox 549 887 678 951; x_wconf 91' lang='lat' dir='ltr'><strong>crebro</strong></span> <span class='ocrx_word' id='word_1_27' title='bbox 693 883 937 951; x_wconf 91' lang='lat' dir='ltr'><strong>condemnare</strong></span> <span class='ocrx_word' id='word_1_28' title='bbox 950 889 1119 969; x_wconf 86' lang='lat' dir='ltr'><strong>potestat</strong></span> <span class='ocrx_word' id='word_1_29' title='bbox 1132 885 1189 951; x_wconf 89' lang='lat' dir='ltr'><strong>de-</strong></span> 
     </span>
     <span class='ocr_line' id='line_1_6' title="bbox 81 991 1189 1077; baseline 0.002 -21"><span class='ocrx_word' id='word_1_30' title='bbox 81 991 144 1074; x_wconf 87' lang='lat' dir='ltr'><strong>bet,</strong></span> <span class='ocrx_word' id='word_1_31' title='bbox 163 998 234 1058; x_wconf 88' lang='lat' dir='ltr'><strong>tum</strong></span> <span class='ocrx_word' id='word_1_32' title='bbox 251 993 290 1059; x_wconf 85' lang='lat' dir='ltr'><strong>vi</strong></span> <span class='ocrx_word' id='word_1_33' title='bbox 308 1011 397 1058; x_wconf 89' lang='lat' dir='ltr'><strong>suae</strong></span> <span class='ocrx_word' id='word_1_34' title='bbox 410 992 614 1058; x_wconf 84' lang='lat' dir='ltr'><strong>indirectas</strong></span> <span class='ocrx_word' id='word_1_35' title='bbox 631 992 899 1077; x_wconf 89' lang='lat' dir='ltr'><strong>superioritatis</strong></span> <span class='ocrx_word' id='word_1_36' title='bbox 912 1010 1024 1076; x_wconf 89' lang='lat' dir='ltr'><strong>supra</strong></span> <span class='ocrx_word' id='word_1_37' title='bbox 1037 993 1189 1058; x_wconf 83' lang='lat' dir='ltr'><strong>societa-</strong></span> 
     </span>
     <span class='ocr_line' id='line_1_7' title="bbox 81 1099 1188 1184; baseline 0.002 -22"><span class='ocrx_word' id='word_1_38' title='bbox 81 1103 143 1163; x_wconf 89' lang='lat' dir='ltr'><strong>tem</strong></span> <span class='ocrx_word' id='word_1_39' title='bbox 165 1100 321 1182; x_wconf 85' lang='lat' dir='ltr'><strong>civilem,</strong></span> <span class='ocrx_word' id='word_1_40' title='bbox 339 1099 632 1184; x_wconf 90' lang='lat' dir='ltr'><strong>quandoquidem</strong></span> <span class='ocrx_word' id='word_1_41' title='bbox 647 1099 730 1164; x_wconf 89' lang='lat' dir='ltr'><strong>huic</strong></span> <span class='ocrx_word' id='word_1_42' title='bbox 743 1101 936 1183; x_wconf 87' lang='lat' dir='ltr'><strong>praevalet</strong></span> <span class='ocrx_word' id='word_1_43' title='bbox 948 1101 1091 1166; x_wconf 91' lang='lat' dir='ltr'><strong>ratione</strong></span> <span class='ocrx_word' id='word_1_44' title='bbox 1108 1100 1188 1165; x_wconf 89' lang='lat' dir='ltr'><strong>finis</strong></span> 
     </span>
     <span class='ocr_line' id='line_1_8' title="bbox 79 1207 1190 1292; baseline 0.002 -21"><span class='ocrx_word' id='word_1_45' title='bbox 79 1208 205 1272; x_wconf 88' lang='lat' dir='ltr'><strong>altioris</strong></span> <span class='ocrx_word' id='word_1_46' title='bbox 222 1214 260 1273; x_wconf 90' lang='lat' dir='ltr'><strong>et</strong></span> <span class='ocrx_word' id='word_1_47' title='bbox 278 1208 599 1292; x_wconf 80' lang='lat' dir='ltr'><strong>praestantissimi,</strong></span> <span class='ocrx_word' id='word_1_48' title='bbox 617 1208 812 1274; x_wconf 81' lang='lat' dir='ltr'><strong>tumetium</strong></span> <span class='ocrx_word' id='word_1_49' title='bbox 824 1209 909 1292; x_wconf 92' lang='lat' dir='ltr'><strong>quia</strong></span> <span class='ocrx_word' id='word_1_50' title='bbox 927 1207 973 1272; x_wconf 89' lang='lat' dir='ltr'><strong>ad</strong></span> <span class='ocrx_word' id='word_1_51' title='bbox 987 1207 1190 1274; x_wconf 82' lang='lat' dir='ltr'><strong>Ecclesiam</strong></span> 
     </span>
     <span class='ocr_line' id='line_1_9' title="bbox 79 1315 1189 1399; baseline 0.003 -21"><span class='ocrx_word' id='word_1_52' title='bbox 79 1316 327 1380; x_wconf 88' lang='lat' dir='ltr'><strong>utsocietatem</strong></span> <span class='ocrx_word' id='word_1_53' title='bbox 341 1317 517 1398; x_wconf 86' lang='lat' dir='ltr'><strong>majorem</strong></span> <span class='ocrx_word' id='word_1_54' title='bbox 535 1320 679 1398; x_wconf 88' lang='lat' dir='ltr'><strong>spectat</strong></span> <span class='ocrx_word' id='word_1_55' title='bbox 696 1316 954 1382; x_wconf 87' lang='lat' dir='ltr'><strong>auctoritative</strong></span> <span class='ocrx_word' id='word_1_56' title='bbox 964 1316 1131 1399; x_wconf 88' lang='lat' dir='ltr'><strong>judicare</strong></span> <span class='ocrx_word' id='word_1_57' title='bbox 1144 1315 1189 1381; x_wconf 91' lang='lat' dir='ltr'><strong>de</strong></span> 
     </span>
     <span class='ocr_line' id='line_1_10' title="bbox 76 1422 1187 1506; baseline 0.002 -20"><span class='ocrx_word' id='word_1_58' title='bbox 76 1423 203 1502; x_wconf 87' lang='lat' dir='ltr'><strong>justitia</strong></span> <span class='ocrx_word' id='word_1_59' title='bbox 221 1423 282 1487; x_wconf 91' lang='lat' dir='ltr'><strong>vel</strong></span> <span class='ocrx_word' id='word_1_60' title='bbox 299 1422 491 1504; x_wconf 79' lang='lat' dir='ltr'><strong>inJustitia,</strong></span> <span class='ocrx_word' id='word_1_61' title='bbox 512 1423 702 1488; x_wconf 86' lang='lat' dir='ltr'><strong>honestate</strong></span> <span class='ocrx_word' id='word_1_62' title='bbox 720 1424 780 1489; x_wconf 91' lang='lat' dir='ltr'><strong>vel</strong></span> <span class='ocrx_word' id='word_1_63' title='bbox 796 1422 1038 1506; x_wconf 86' lang='lat' dir='ltr'><strong>inhonestate,</strong></span> <span class='ocrx_word' id='word_1_64' title='bbox 1064 1441 1187 1488; x_wconf 90' lang='lat' dir='ltr'><strong>neces·</strong></span> 
     </span>
     <span class='ocr_line' id='line_1_11' title="bbox 79 1529 1188 1614; baseline 0.002 -22"><span class='ocrx_word' id='word_1_65' title='bbox 79 1529 175 1594; x_wconf 81' lang='lat' dir='ltr'><strong>ritate</strong></span> <span class='ocrx_word' id='word_1_66' title='bbox 203 1531 264 1597; x_wconf 84' lang='lat' dir='ltr'><strong>rel</strong></span> <span class='ocrx_word' id='word_1_67' title='bbox 285 1531 440 1596; x_wconf 88' lang='lat' dir='ltr'><strong>utilitate</strong></span> <span class='ocrx_word' id='word_1_68' title='bbox 469 1531 602 1612; x_wconf 83' lang='lat' dir='ltr'><strong>legum,</strong></span> <span class='ocrx_word' id='word_1_69' title='bbox 627 1531 767 1613; x_wconf 90' lang='lat' dir='ltr'><strong>quoties</strong></span> <span class='ocrx_word' id='word_1_70' title='bbox 793 1531 981 1595; x_wconf 87' lang='lat' dir='ltr'><strong>conflictus</strong></span> <span class='ocrx_word' id='word_1_71' title='bbox 1013 1535 1188 1614; x_wconf 78' lang='lat' dir='ltr'><strong>exsurgat</strong></span> 
     </span>
     <span class='ocr_line' id='line_1_12' title="bbox 79 1636 1187 1726; baseline 0.004 -28"><span class='ocrx_word' id='word_1_72' title='bbox 79 1641 133 1700; x_wconf 87' lang='lat' dir='ltr'><strong>aut</strong></span> <span class='ocrx_word' id='word_1_73' title='bbox 147 1637 290 1704; x_wconf 90' lang='lat' dir='ltr'><strong>dubium</strong></span> <span class='ocrx_word' id='word_1_74' title='bbox 305 1637 444 1702; x_wconf 90' lang='lat' dir='ltr'><strong>oriatur</strong></span> <span class='ocrx_word' id='word_1_75' title='bbox 458 1639 557 1702; x_wconf 89' lang='lat' dir='ltr'><strong>circa</strong></span> <span class='ocrx_word' id='word_1_76' title='bbox 572 1655 672 1702; x_wconf 90' lang='lat' dir='ltr'><strong>usum</strong></span> <span class='ocrx_word' id='word_1_77' title='bbox 687 1641 724 1702; x_wconf 91' lang='lat' dir='ltr'><strong>et</strong></span> <span class='ocrx_word' id='word_1_78' title='bbox 740 1638 1027 1721; x_wconf 88' lang='lat' dir='ltr'><strong>applicationem</strong></span> <span class='ocrx_word' id='word_1_79' title='bbox 1054 1636 1187 1726; x_wconf 88' lang='lat' dir='ltr'><strong>medio-</strong></span> 
     </span>
     <span class='ocr_line' id='line_1_13' title="bbox 77 1745 1186 1828; baseline 0.004 -22"><span class='ocrx_word' id='word_1_80' title='bbox 77 1760 156 1827; x_wconf 88' lang='lat' dir='ltr'><strong>rum,</strong></span> <span class='ocrx_word' id='word_1_81' title='bbox 174 1763 266 1828; x_wconf 89' lang='lat' dir='ltr'><strong>quae</strong></span> <span class='ocrx_word' id='word_1_82' title='bbox 285 1762 351 1828; x_wconf 93' lang='lat' dir='ltr'><strong>pro</strong></span> <span class='ocrx_word' id='word_1_83' title='bbox 368 1745 439 1808; x_wconf 90' lang='lat' dir='ltr'><strong>tine</strong></span> <span class='ocrx_word' id='word_1_84' title='bbox 456 1745 582 1808; x_wconf 89' lang='lat' dir='ltr'><strong>ultimo</strong></span> <span class='ocrx_word' id='word_1_85' title='bbox 600 1751 637 1809; x_wconf 88' lang='lat' dir='ltr'><strong>et</strong></span> <span class='ocrx_word' id='word_1_86' title='bbox 666 1746 831 1810; x_wconf 89' lang='lat' dir='ltr'><strong>absolute</strong></span> <span class='ocrx_word' id='word_1_87' title='bbox 859 1745 1068 1811; x_wconf 89' lang='lat' dir='ltr'><strong>necessario</strong></span> <span class='ocrx_word' id='word_1_88' title='bbox 1097 1746 1186 1810; x_wconf 89' lang='lat' dir='ltr'><strong>obti-</strong></span> 
     </span>
     <span class='ocr_line' id='line_1_14' title="bbox 78 1851 1186 1936; baseline 0.004 -22"><span class='ocrx_word' id='word_1_89' title='bbox 78 1852 183 1917; x_wconf 88' lang='lat' dir='ltr'><strong>nendo</strong></span> <span class='ocrx_word' id='word_1_90' title='bbox 200 1853 358 1917; x_wconf 88' lang='lat' dir='ltr'><strong>societas</strong></span> <span class='ocrx_word' id='word_1_91' title='bbox 375 1851 527 1917; x_wconf 85' lang='lat' dir='ltr'><strong>inferior</strong></span> <span class='ocrx_word' id='word_1_92' title='bbox 544 1851 725 1936; x_wconf 85' lang='lat' dir='ltr'><strong>superiori</strong></span> <span class='ocrx_word' id='word_1_93' title='bbox 743 1871 787 1916; x_wconf 91' lang='lat' dir='ltr'><strong>ac</strong></span> <span class='ocrx_word' id='word_1_94' title='bbox 800 1853 1064 1936; x_wconf 87' lang='lat' dir='ltr'><strong>praeeminenti</strong></span> <span class='ocrx_word' id='word_1_95' title='bbox 1082 1871 1186 1936; x_wconf 89' lang='lat' dir='ltr'><strong>prae-</strong></span> 
     </span>
     <span class='ocr_line' id='line_1_15' title="bbox 77 1960 350 2044; baseline 0.015 -23"><span class='ocrx_word' id='word_1_96' title='bbox 77 1965 165 2024; x_wconf 89' lang='lat' dir='ltr'><strong>stare</strong></span> <span class='ocrx_word' id='word_1_97' title='bbox 180 1960 350 2044; x_wconf 84' lang='lat' dir='ltr'><strong>adigitur.</strong></span> 
     </span>
    </p>

    <p class='ocr_par' dir='ltr' id='par_1_4' title="bbox 77 2067 1185 2580">
     <span class='ocr_line' id='line_1_16' title="bbox 154 2067 1185 2155; baseline 0.002 -23"><span class='ocrx_word' id='word_1_98' title='bbox 154 2067 206 2132; x_wconf 82' lang='lat'><strong>46.</strong></span> <span class='ocrx_word' id='word_1_99' title='bbox 256 2067 432 2149; x_wconf 77' lang='lat' dir='ltr'><strong>Quartum</strong></span> <span class='ocrx_word' id='word_1_100' title='bbox 446 2069 682 2134; x_wconf 89' lang='lat' dir='ltr'><strong>corollarium</strong></span> <span class='ocrx_word' id='word_1_101' title='bbox 710 2071 806 2136; x_wconf 85' lang='lat' dir='ltr'><strong>circa</strong></span> <span class='ocrx_word' id='word_1_102' title='bbox 829 2071 1090 2155; x_wconf 77' lang='lat' dir='ltr'><strong>competentiam</strong></span> <span class='ocrx_word' id='word_1_103' title='bbox 1121 2069 1185 2134; x_wconf 88' lang='lat' dir='ltr'><strong>Ee·</strong></span> 
     </span>
     <span class='ocr_line' id='line_1_17' title="bbox 77 2172 1185 2263; baseline 0.005 -29"><span class='ocrx_word' id='word_1_104' title='bbox 77 2172 187 2239; x_wconf 82' lang='lat' dir='ltr'><strong>etesiae</strong></span> <span class='ocrx_word' id='word_1_105' title='bbox 203 2176 249 2240; x_wconf 86' lang='lat' dir='ltr'><strong>ad</strong></span> <span class='ocrx_word' id='word_1_106' title='bbox 262 2173 629 2262; x_wconf 76' lang='lat' dir='ltr'><strong>fereadumjadr&#39;cium</strong></span> <span class='ocrx_word' id='word_1_107' title='bbox 644 2176 681 2239; x_wconf 81' lang='lat' dir='ltr'><strong>ia</strong></span> <span class='ocrx_word' id='word_1_108' title='bbox 695 2197 777 2241; x_wconf 85' lang='lat' dir='ltr'><strong>cusu</strong></span> <span class='ocrx_word' id='word_1_109' title='bbox 803 2177 979 2263; x_wconf 79' lang='lat' dir='ltr'><strong>conflictus</strong></span> <span class='ocrx_word' id='word_1_110' title='bbox 1009 2175 1061 2240; x_wconf 84' lang='lat' dir='ltr'><strong>uel</strong></span> <span class='ocrx_word' id='word_1_111' title='bbox 1089 2175 1185 2240; x_wconf 72' lang='lat' dir='ltr'><strong>dubii</strong></span> 
     </span>
     <span class='ocr_line' id='line_1_18' title="bbox 78 2281 1184 2365; baseline 0.004 -23"><span class='ocrx_word' id='word_1_112' title='bbox 78 2295 116 2342; x_wconf 84' lang='lat' dir='ltr'><strong>ex</strong></span> <span class='ocrx_word' id='word_1_113' title='bbox 130 2281 260 2364; x_wconf 91' lang='lat' dir='ltr'><strong>triplici</strong></span> <span class='ocrx_word' id='word_1_114' title='bbox 277 2286 492 2365; x_wconf 84' lang='lat' dir='ltr'><strong>argumento</strong></span> <span class='ocrx_word' id='word_1_115' title='bbox 511 2301 533 2346; x_wconf 92' lang='lat' dir='ltr'><strong>a</strong></span> <span class='ocrx_word' id='word_1_116' title='bbox 557 2283 640 2364; x_wconf 89' lang='lat' dir='ltr'><strong>jure</strong></span> <span class='ocrx_word' id='word_1_117' title='bbox 657 2283 818 2348; x_wconf 87' lang='lat' dir='ltr'><strong>naturali</strong></span> <span class='ocrx_word' id='word_1_118' title='bbox 843 2282 997 2347; x_wconf 89' lang='lat' dir='ltr'><strong>deducto</strong></span> <span class='ocrx_word' id='word_1_119' title='bbox 1030 2286 1184 2365; x_wconf 89' lang='lat' dir='ltr'><strong>constat,</strong></span> 
     </span>
     <span class='ocr_line' id='line_1_19' title="bbox 78 2383 1184 2472; baseline 0.006 -24"><span class='ocrx_word' id='word_1_120' title='bbox 78 2383 228 2451; x_wconf 90' lang='lat' dir='ltr'><strong>nimirum</strong></span> <span class='ocrx_word' id='word_1_121' title='bbox 245 2405 292 2452; x_wconf 82' lang='lat' dir='ltr'><strong>ex</strong></span> <span class='ocrx_word' id='word_1_122' title='bbox 306 2388 595 2470; x_wconf 88' lang='lat' dir='ltr'><strong>praeeminentia</strong></span> <span class='ocrx_word' id='word_1_123' title='bbox 612 2387 814 2471; x_wconf 80' lang='lat' dir='ltr'><strong>Ecclesiae,</strong></span> <span class='ocrx_word' id='word_1_124' title='bbox 834 2388 1091 2472; x_wconf 90' lang='lat' dir='ltr'><strong>superioritate</strong></span> <span class='ocrx_word' id='word_1_125' title='bbox 1103 2389 1184 2454; x_wconf 84' lang='lat' dir='ltr'><strong>fluis</strong></span> 
     </span>
     <span class='ocr_line' id='line_1_20' title="bbox 78 2495 788 2580; baseline 0.01 -26"><span class='ocrx_word' id='word_1_126' title='bbox 78 2496 107 2554; x_wconf 90' lang='lat' dir='ltr'><strong>et</strong></span> <span class='ocrx_word' id='word_1_127' title='bbox 118 2495 331 2560; x_wconf 88' lang='lat' dir='ltr'><strong>necessitate</strong></span> <span class='ocrx_word' id='word_1_128' title='bbox 347 2495 513 2560; x_wconf 89' lang='lat' dir='ltr'><strong>eumdem</strong></span> <span class='ocrx_word' id='word_1_129' title='bbox 530 2496 788 2580; x_wconf 90' lang='lat' dir='ltr'><strong>consequendi.</strong></span> 
     </span>
    </p>

    <p class='ocr_par' dir='ltr' id='par_1_5' title="bbox 77 2599 1183 4294">
     <span class='ocr_line' id='line_1_21' title="bbox 134 2599 1183 2687; baseline 0.003 -22"><span class='ocrx_word' id='word_1_130' title='bbox 134 2599 183 2665; x_wconf 90' lang='lat'><strong>1.⁰</strong></span> <span class='ocrx_word' id='word_1_131' title='bbox 227 2603 509 2668; x_wconf 81' lang='lat' dir='ltr'><strong>Praeemiueatia</strong></span> <span class='ocrx_word' id='word_1_132' title='bbox 520 2602 709 2670; x_wconf 83' lang='lat' dir='ltr'><strong>Ecclesiae:</strong></span> <span class='ocrx_word' id='word_1_133' title='bbox 725 2603 956 2686; x_wconf 83' lang='lat' dir='ltr'><strong>exploratum</strong></span> <span class='ocrx_word' id='word_1_134' title='bbox 972 2613 1027 2668; x_wconf 89' lang='lat' dir='ltr'><strong>est</strong></span> <span class='ocrx_word' id='word_1_135' title='bbox 1037 2603 1134 2687; x_wconf 89' lang='lat' dir='ltr'><strong>apud</strong></span> <span class='ocrx_word' id='word_1_136' title='bbox 1148 2622 1183 2668; x_wconf 95' lang='lat' dir='ltr'><strong>o-</strong></span> 
     </span>
     <span class='ocr_line' id='line_1_22' title="bbox 77 2708 1183 2794; baseline 0.005 -25"><span class='ocrx_word' id='word_1_137' title='bbox 77 2723 165 2773; x_wconf 87' lang='lat' dir='ltr'><strong>mues</strong></span> <span class='ocrx_word' id='word_1_138' title='bbox 181 2727 226 2774; x_wconf 85' lang='lat' dir='ltr'><strong>ex</strong></span> <span class='ocrx_word' id='word_1_139' title='bbox 242 2708 382 2774; x_wconf 88' lang='lat' dir='ltr'><strong>duabus</strong></span> <span class='ocrx_word' id='word_1_140' title='bbox 411 2710 646 2775; x_wconf 87' lang='lat' dir='ltr'><strong>societatibus</strong></span> <span class='ocrx_word' id='word_1_141' title='bbox 661 2711 859 2794; x_wconf 90' lang='lat' dir='ltr'><strong>imparibus</strong></span> <span class='ocrx_word' id='word_1_142' title='bbox 873 2711 999 2775; x_wconf 88' lang='lat' dir='ltr'><strong>iisdem</strong></span> <span class='ocrx_word' id='word_1_143' title='bbox 1013 2710 1183 2775; x_wconf 89' lang='lat' dir='ltr'><strong>membris</strong></span> 
     </span>
     <span class='ocr_line' id='line_1_23' title="bbox 78 2816 1183 2900; baseline 0.005 -23"><span class='ocrx_word' id='word_1_144' title='bbox 78 2816 365 2898; x_wconf 68' lang='lat' dir='ltr'><strong>coalescentibus</strong></span> <span class='ocrx_word' id='word_1_145' title='bbox 397 2835 494 2900; x_wconf 89' lang='lat' dir='ltr'><strong>quae</strong></span> <span class='ocrx_word' id='word_1_146' title='bbox 523 2819 559 2882; x_wconf 92' lang='lat' dir='ltr'><strong>in</strong></span> <span class='ocrx_word' id='word_1_147' title='bbox 592 2819 797 2884; x_wconf 90' lang='lat' dir='ltr'><strong>conflictum</strong></span> <span class='ocrx_word' id='word_1_148' title='bbox 826 2817 1054 2894; x_wconf 84' lang='lat' dir='ltr'><strong>devenerint,</strong></span> <span class='ocrx_word' id='word_1_149' title='bbox 1083 2817 1183 2882; x_wconf 89' lang='lat' dir='ltr'><strong>illam</strong></span> 
     </span>
     <span class='ocr_line' id='line_1_24' title="bbox 78 2923 1183 3009; baseline 0.003 -24"><span class='ocrx_word' id='word_1_150' title='bbox 78 2925 280 3000; x_wconf 87' lang='lat' dir='ltr'><strong>praevalere</strong></span> <span class='ocrx_word' id='word_1_151' title='bbox 298 2923 432 2989; x_wconf 90' lang='lat' dir='ltr'><strong>debere</strong></span> <span class='ocrx_word' id='word_1_152' title='bbox 449 2942 513 2989; x_wconf 90' lang='lat' dir='ltr'><strong>seu</strong></span> <span class='ocrx_word' id='word_1_153' title='bbox 531 2925 725 3008; x_wconf 91' lang='lat' dir='ltr'><strong>primatum</strong></span> <span class='ocrx_word' id='word_1_154' title='bbox 744 2926 894 3006; x_wconf 90' lang='lat' dir='ltr'><strong>babere,</strong></span> <span class='ocrx_word' id='word_1_155' title='bbox 911 2941 1005 3009; x_wconf 90' lang='lat' dir='ltr'><strong>quae</strong></span> <span class='ocrx_word' id='word_1_156' title='bbox 1017 2923 1063 2988; x_wconf 91' lang='lat' dir='ltr'><strong>ad</strong></span> <span class='ocrx_word' id='word_1_157' title='bbox 1075 2923 1183 2989; x_wconf 90' lang='lat' dir='ltr'><strong>finem</strong></span> 
     </span>
     <span class='ocr_line' id='line_1_25' title="bbox 78 3027 1183 3115; baseline 0.005 -25"><span class='ocrx_word' id='word_1_158' title='bbox 78 3027 201 3096; x_wconf 90' lang='lat' dir='ltr'><strong>altioris</strong></span> <span class='ocrx_word' id='word_1_159' title='bbox 220 3032 356 3096; x_wconf 90' lang='lat' dir='ltr'><strong>ordinis</strong></span> <span class='ocrx_word' id='word_1_160' title='bbox 373 3031 482 3114; x_wconf 90' lang='lat' dir='ltr'><strong>ducit,</strong></span> <span class='ocrx_word' id='word_1_161' title='bbox 497 3033 582 3115; x_wconf 89' lang='lat' dir='ltr'><strong>quia</strong></span> <span class='ocrx_word' id='word_1_162' title='bbox 595 3033 632 3098; x_wconf 92' lang='lat' dir='ltr'><strong>in</strong></span> <span class='ocrx_word' id='word_1_163' title='bbox 647 3050 824 3098; x_wconf 88' lang='lat' dir='ltr'><strong>concursu</strong></span> <span class='ocrx_word' id='word_1_164' title='bbox 839 3032 899 3096; x_wconf 91' lang='lat' dir='ltr'><strong>vel</strong></span> <span class='ocrx_word' id='word_1_165' title='bbox 913 3031 1081 3096; x_wconf 90' lang='lat' dir='ltr'><strong>conflictu</strong></span> <span class='ocrx_word' id='word_1_166' title='bbox 1098 3031 1183 3096; x_wconf 90' lang='lat' dir='ltr'><strong>dua·</strong></span> 
     </span>
     <span class='ocr_line' id='line_1_26' title="bbox 77 3139 1182 3223; baseline 0.006 -26"><span class='ocrx_word' id='word_1_167' title='bbox 77 3152 143 3202; x_wconf 92' lang='lat' dir='ltr'><strong>rum</strong></span> <span class='ocrx_word' id='word_1_168' title='bbox 160 3141 420 3223; x_wconf 83' lang='lat' dir='ltr'><strong>obligationum</strong></span> <span class='ocrx_word' id='word_1_169' title='bbox 434 3139 550 3204; x_wconf 90' lang='lat' dir='ltr'><strong>eidem</strong></span> <span class='ocrx_word' id='word_1_170' title='bbox 567 3141 732 3222; x_wconf 89' lang='lat' dir='ltr'><strong>subjecto</strong></span> <span class='ocrx_word' id='word_1_171' title='bbox 751 3139 1015 3204; x_wconf 86' lang='lat' dir='ltr'><strong>inhaerentium</strong></span> <span class='ocrx_word' id='word_1_172' title='bbox 1034 3155 1077 3203; x_wconf 89' lang='lat' dir='ltr'><strong>ea</strong></span> <span class='ocrx_word' id='word_1_173' title='bbox 1101 3157 1182 3222; x_wconf 92' lang='lat' dir='ltr'><strong>pro·</strong></span> 
     </span>
     <span class='ocr_line' id='line_1_27' title="bbox 78 3245 1181 3330; baseline 0.005 -24"><span class='ocrx_word' id='word_1_174' title='bbox 78 3245 229 3313; x_wconf 86' lang='lat' dir='ltr'><strong>uuldubio</strong></span> <span class='ocrx_word' id='word_1_175' title='bbox 243 3248 464 3330; x_wconf 86' lang='lat' dir='ltr'><strong>praevalere</strong></span> <span class='ocrx_word' id='word_1_176' title='bbox 481 3251 590 3330; x_wconf 90' lang='lat' dir='ltr'><strong>atque</strong></span> <span class='ocrx_word' id='word_1_177' title='bbox 608 3247 786 3330; x_wconf 88' lang='lat' dir='ltr'><strong>praeponi</strong></span> <span class='ocrx_word' id='word_1_178' title='bbox 803 3246 922 3330; x_wconf 91' lang='lat' dir='ltr'><strong>debet,</strong></span> <span class='ocrx_word' id='word_1_179' title='bbox 942 3265 1036 3330; x_wconf 90' lang='lat' dir='ltr'><strong>quae</strong></span> <span class='ocrx_word' id='word_1_180' title='bbox 1065 3248 1181 3328; x_wconf 76' lang='lat' dir='ltr'><strong>maJus</strong></span> 
     </span>
     <span class='ocr_line' id='line_1_28' title="bbox 78 3345 1181 3442; baseline 0.006 -32"><span class='ocrx_word' id='word_1_181' title='bbox 78 3345 192 3417; x_wconf 90' lang='lat' dir='ltr'><strong>bonum</strong></span> <span class='ocrx_word' id='word_1_182' title='bbox 212 3358 333 3418; x_wconf 90' lang='lat' dir='ltr'><strong>tuetur</strong></span> <span class='ocrx_word' id='word_1_183' title='bbox 351 3356 461 3442; x_wconf 78' lang='lat' dir='ltr'><strong>atque</strong></span> <span class='ocrx_word' id='word_1_184' title='bbox 477 3354 721 3436; x_wconf 87' lang='lat' dir='ltr'><strong>persequitur,</strong></span> <span class='ocrx_word' id='word_1_185' title='bbox 742 3352 837 3436; x_wconf 88' lang='lat' dir='ltr'><strong>quod</strong></span> <span class='ocrx_word' id='word_1_186' title='bbox 854 3353 998 3436; x_wconf 90' lang='lat' dir='ltr'><strong>quidem</strong></span> <span class='ocrx_word' id='word_1_187' title='bbox 1015 3357 1070 3418; x_wconf 91' lang='lat' dir='ltr'><strong>est</strong></span> <span class='ocrx_word' id='word_1_188' title='bbox 1101 3353 1181 3417; x_wconf 90' lang='lat' dir='ltr'><strong>fluis</strong></span> 
     </span>
     <span class='ocr_line' id='line_1_29' title="bbox 78 3456 1181 3544; baseline 0.005 -26"><span class='ocrx_word' id='word_1_189' title='bbox 78 3456 200 3524; x_wconf 89' lang='lat' dir='ltr'><strong>altioris</strong></span> <span class='ocrx_word' id='word_1_190' title='bbox 233 3459 383 3542; x_wconf 83' lang='lat' dir='ltr'><strong>ordinis3</strong></span> <span class='ocrx_word' id='word_1_191' title='bbox 418 3459 482 3525; x_wconf 89' lang='lat' dir='ltr'><strong>sed</strong></span> <span class='ocrx_word' id='word_1_192' title='bbox 514 3459 681 3525; x_wconf 81' lang='lat' dir='ltr'><strong>Ecclesia</strong></span> <span class='ocrx_word' id='word_1_193' title='bbox 714 3461 897 3544; x_wconf 87' lang='lat' dir='ltr'><strong>proponit,</strong></span> <span class='ocrx_word' id='word_1_194' title='bbox 927 3464 1047 3524; x_wconf 92' lang='lat' dir='ltr'><strong>tuetur</strong></span> <span class='ocrx_word' id='word_1_195' title='bbox 1071 3465 1181 3542; x_wconf 88' lang='lat' dir='ltr'><strong>atque</strong></span> 
     </span>
     <span class='ocr_line' id='line_1_30' title="bbox 78 3566 1181 3651; baseline 0.006 -26"><span class='ocrx_word' id='word_1_196' title='bbox 78 3568 293 3650; x_wconf 90' lang='lat' dir='ltr'><strong>prosequitur</strong></span> <span class='ocrx_word' id='word_1_197' title='bbox 309 3567 416 3632; x_wconf 89' lang='lat' dir='ltr'><strong>finem</strong></span> <span class='ocrx_word' id='word_1_198' title='bbox 431 3567 566 3632; x_wconf 90' lang='lat' dir='ltr'><strong>ordinis</strong></span> <span class='ocrx_word' id='word_1_199' title='bbox 580 3567 721 3633; x_wconf 89' lang='lat' dir='ltr'><strong>altioris</strong></span> <span class='ocrx_word' id='word_1_200' title='bbox 736 3586 791 3651; x_wconf 89' lang='lat' dir='ltr'><strong>eo,</strong></span> <span class='ocrx_word' id='word_1_201' title='bbox 808 3569 877 3651; x_wconf 90' lang='lat' dir='ltr'><strong>qub</strong></span> <span class='ocrx_word' id='word_1_202' title='bbox 893 3566 1010 3631; x_wconf 87' lang='lat' dir='ltr'><strong>tendit</strong></span> <span class='ocrx_word' id='word_1_203' title='bbox 1023 3567 1181 3632; x_wconf 90' lang='lat' dir='ltr'><strong>societas</strong></span> 
     </span>
     <span class='ocr_line' id='line_1_31' title="bbox 77 3669 1181 3758; baseline 0.006 -27"><span class='ocrx_word' id='word_1_204' title='bbox 77 3669 191 3755; x_wconf 81' lang='lat' dir='ltr'><strong>civilis3</strong></span> <span class='ocrx_word' id='word_1_205' title='bbox 211 3693 298 3758; x_wconf 82' lang='lat' dir='ltr'><strong>ergo</strong></span> <span class='ocrx_word' id='word_1_206' title='bbox 315 3674 494 3754; x_wconf 84' lang='lat' dir='ltr'><strong>Ecclesia,</strong></span> <span class='ocrx_word' id='word_1_207' title='bbox 509 3675 538 3740; x_wconf 89' lang='lat' dir='ltr'><strong>si</strong></span> <span class='ocrx_word' id='word_1_208' title='bbox 552 3676 588 3740; x_wconf 92' lang='lat' dir='ltr'><strong>in</strong></span> <span class='ocrx_word' id='word_1_209' title='bbox 605 3675 811 3740; x_wconf 86' lang='lat' dir='ltr'><strong>conflictum</strong></span> <span class='ocrx_word' id='word_1_210' title='bbox 845 3693 924 3740; x_wconf 89' lang='lat' dir='ltr'><strong>eum</strong></span> <span class='ocrx_word' id='word_1_211' title='bbox 954 3677 1050 3738; x_wconf 89' lang='lat' dir='ltr'><strong>statu</strong></span> <span class='ocrx_word' id='word_1_212' title='bbox 1074 3673 1181 3738; x_wconf 88' lang='lat' dir='ltr'><strong>deve-</strong></span> 
     </span>
     <span class='ocr_line' id='line_1_32' title="bbox 77 3780 1180 3865; baseline 0.006 -26"><span class='ocrx_word' id='word_1_213' title='bbox 77 3780 158 3845; x_wconf 84' lang='lat' dir='ltr'><strong>nerit</strong></span> <span class='ocrx_word' id='word_1_214' title='bbox 169 3783 227 3847; x_wconf 90' lang='lat' dir='ltr'><strong>vel</strong></span> <span class='ocrx_word' id='word_1_215' title='bbox 241 3782 387 3848; x_wconf 92' lang='lat' dir='ltr'><strong>dubium</strong></span> <span class='ocrx_word' id='word_1_216' title='bbox 397 3783 597 3865; x_wconf 86' lang='lat' dir='ltr'><strong>legitimum</strong></span> <span class='ocrx_word' id='word_1_217' title='bbox 611 3784 799 3848; x_wconf 89' lang='lat' dir='ltr'><strong>emerserit</strong></span> <span class='ocrx_word' id='word_1_218' title='bbox 813 3783 910 3847; x_wconf 89' lang='lat' dir='ltr'><strong>circa</strong></span> <span class='ocrx_word' id='word_1_219' title='bbox 924 3782 1180 3847; x_wconf 86' lang='lat' dir='ltr'><strong>necessitatem</strong></span> 
     </span>
     <span class='ocr_line' id='line_1_33' title="bbox 78 3887 1180 3972; baseline 0.007 -28"><span class='ocrx_word' id='word_1_220' title='bbox 78 3887 107 3946; x_wconf 91' lang='lat' dir='ltr'><strong>et</strong></span> <span class='ocrx_word' id='word_1_221' title='bbox 118 3904 211 3954; x_wconf 85' lang='lat' dir='ltr'><strong>usum</strong></span> <span class='ocrx_word' id='word_1_222' title='bbox 229 3887 429 3954; x_wconf 90' lang='lat' dir='ltr'><strong>mediorum</strong></span> <span class='ocrx_word' id='word_1_223' title='bbox 443 3889 697 3972; x_wconf 89' lang='lat' dir='ltr'><strong>temporalium</strong></span> <span class='ocrx_word' id='word_1_224' title='bbox 711 3906 777 3972; x_wconf 92' lang='lat' dir='ltr'><strong>pro</strong></span> <span class='ocrx_word' id='word_1_225' title='bbox 791 3889 861 3953; x_wconf 90' lang='lat' dir='ltr'><strong>fine</strong></span> <span class='ocrx_word' id='word_1_226' title='bbox 885 3888 1066 3971; x_wconf 85' lang='lat' dir='ltr'><strong>spirituali</strong></span> <span class='ocrx_word' id='word_1_227' title='bbox 1084 3905 1180 3953; x_wconf 88' lang='lat' dir='ltr'><strong>asse·</strong></span> 
     </span>
     <span class='ocr_line' id='line_1_34' title="bbox 78 3995 1181 4079; baseline 0.005 -24"><span class='ocrx_word' id='word_1_228' title='bbox 78 3995 216 4078; x_wconf 83' lang='lat' dir='ltr'><strong>quando,</strong></span> <span class='ocrx_word' id='word_1_229' title='bbox 227 3995 345 4061; x_wconf 89' lang='lat' dir='ltr'><strong>Statui</strong></span> <span class='ocrx_word' id='word_1_230' title='bbox 358 3995 457 4062; x_wconf 87' lang='lat' dir='ltr'><strong>civili</strong></span> <span class='ocrx_word' id='word_1_231' title='bbox 469 3997 688 4078; x_wconf 86' lang='lat' dir='ltr'><strong>praevalere</strong></span> <span class='ocrx_word' id='word_1_232' title='bbox 699 3996 818 4078; x_wconf 91' lang='lat' dir='ltr'><strong>debet,</strong></span> <span class='ocrx_word' id='word_1_233' title='bbox 833 3995 988 4079; x_wconf 87' lang='lat' dir='ltr'><strong>ideoque</strong></span> <span class='ocrx_word' id='word_1_234' title='bbox 1001 3995 1048 4062; x_wconf 88' lang='lat' dir='ltr'><strong>ad</strong></span> <span class='ocrx_word' id='word_1_235' title='bbox 1064 3995 1181 4079; x_wconf 83' lang='lat' dir='ltr'><strong>ipsam</strong></span> 
     </span>
     <span class='ocr_line' id='line_1_35' title="bbox 78 4103 1178 4186; baseline 0.007 -26"><span class='ocrx_word' id='word_1_236' title='bbox 78 4107 202 4180; x_wconf 88' lang='lat' dir='ltr'><strong>spectat</strong></span> <span class='ocrx_word' id='word_1_237' title='bbox 217 4103 393 4186; x_wconf 89' lang='lat' dir='ltr'><strong>judicium</strong></span> <span class='ocrx_word' id='word_1_238' title='bbox 416 4103 664 4169; x_wconf 89' lang='lat' dir='ltr'><strong>authenticum</strong></span> <span class='ocrx_word' id='word_1_239' title='bbox 693 4122 757 4168; x_wconf 90' lang='lat' dir='ltr'><strong>seu</strong></span> <span class='ocrx_word' id='word_1_240' title='bbox 781 4104 1080 4170; x_wconf 85' lang='lat' dir='ltr'><strong>auctoritativum</strong></span> <span class='ocrx_word' id='word_1_241' title='bbox 1104 4108 1178 4168; x_wconf 91' lang='lat' dir='ltr'><strong>tam</strong></span> 
     </span>
     <span class='ocr_line' id='line_1_36' title="bbox 78 4210 1057 4294; baseline 0.004 -24"><span class='ocrx_word' id='word_1_242' title='bbox 78 4221 131 4286; x_wconf 91' lang='lat' dir='ltr'><strong>pro</strong></span> <span class='ocrx_word' id='word_1_243' title='bbox 147 4210 296 4276; x_wconf 86' lang='lat' dir='ltr'><strong>vitanda</strong></span> <span class='ocrx_word' id='word_1_244' title='bbox 308 4211 509 4294; x_wconf 87' lang='lat' dir='ltr'><strong>collisione,</strong></span> <span class='ocrx_word' id='word_1_245' title='bbox 529 4229 637 4293; x_wconf 90' lang='lat' dir='ltr'><strong>quarn</strong></span> <span class='ocrx_word' id='word_1_246' title='bbox 651 4229 717 4293; x_wconf 93' lang='lat' dir='ltr'><strong>pro</strong></span> <span class='ocrx_word' id='word_1_247' title='bbox 736 4211 842 4276; x_wconf 92' lang='lat' dir='ltr'><strong>dubio</strong></span> <span class='ocrx_word' id='word_1_248' title='bbox 868 4210 1057 4276; x_wconf 91' lang='lat' dir='ltr'><strong>solvendo.</strong></span> 
     </span>
    </p>
   </div>
   <div class='ocr_carea' id='block_1_3' title="bbox 90 4319 1177 4409">
    <p class='ocr_par' dir='ltr' id='par_1_6' title="bbox 90 4319 1177 4409">
     <span class='ocr_line' id='line_1_37' title="bbox 90 4319 1177 4409; baseline -0.008 -15"><span class='ocrx_word' id='word_1_249' title='bbox 90 4385 94 4394; x_wconf 93' lang='lat'>.</span> <span class='ocrx_word' id='word_1_250' title='bbox 151 4319 200 4382; x_wconf 80' lang='lat'><strong>2.⁰</strong></span> <span class='ocrx_word' id='word_1_251' title='bbox 245 4321 484 4408; x_wconf 67' lang='lat' dir='ltr'><strong>Superiorem</strong></span> <span class='ocrx_word' id='word_1_252' title='bbox 497 4325 590 4409; x_wconf 80' lang='lat' dir='ltr'><strong>fiais:</strong></span> <span class='ocrx_word' id='word_1_253' title='bbox 609 4323 707 4387; x_wconf 83' lang='lat' dir='ltr'><strong>Finis</strong></span> <span class='ocrx_word' id='word_1_254' title='bbox 721 4323 886 4405; x_wconf 87' lang='lat' dir='ltr'><strong>superior</strong></span> <span class='ocrx_word' id='word_1_255' title='bbox 900 4326 1085 4404; x_wconf 88' lang='lat' dir='ltr'><strong>tamquam</strong></span> <span class='ocrx_word' id='word_1_256' title='bbox 1118 4322 1177 4386; x_wconf 92' lang='lat' dir='ltr'><strong>bo·</strong></span> 
     </span>
    </p>
   </div>
   <div class='ocr_carea' id='block_1_4' title="bbox 0 0 1520 4990">
    <p class='ocr_par' dir='ltr' id='par_1_7' title="bbox 0 0 1520 4990">
     <span class='ocr_line' id='line_1_38' title="bbox 0 0 1520 4990; baseline 0 0"><span class='ocrx_word' id='word_1_257' title='bbox 0 0 1520 4990; x_wconf 95' lang='lat' dir='ltr'><strong> </strong></span> 
     </span>
    </p>
   </div>
  </div>
 </body>
</html>
