3146 4980
801 375 979 434 -412-

328 516 381 584 5.⁰
398 518 565 602 denique,
585 523 660 583 tum
677 535 724 582 ex
739 515 785 582 D.
803 518 1025 601 Hieronymo
1043 518 1091 598 (1)
1109 521 1185 582 tum
1202 533 1249 581 ex
1280 516 1458 600 praelau-

329 625 414 690 dato
429 623 584 690 Eusebio
602 623 901 708 Caesareansi(2)
929 625 1062 690 scimus
1090 623 1284 706 Apostolos
1317 623 1461 688 consti·

330 731 565 815 tuisseprope
596 731 804 796 innumeros
823 731 1014 815 episcopos
1043 747 1109 814 per
1141 729 1307 812 Pontum,
1342 727 1458 794 Gala-

330 839 432 920 tiam,
451 835 738 920 Cappadociam,
756 837 882 902 Asiam
895 843 1005 921 atque
1022 835 1216 920 Bityniam.

419 943 530 1010 Recte
548 947 715 1027 igiturex
731 945 788 1010 bis
804 946 910 1010 tactis
936 943 1106 1024 indubiis,
1128 959 1223 1025 quae
1257 941 1458 1007 brevitatis
1547 983 1548 986 ,

331 1051 453 1132 gretia
469 1057 608 1116 tantum
626 1051 935 1133 adumbravimus,
952 1051 1090 1116 inferre
1107 1049 1210 1114 nobis
1233 1047 1322 1114 licet
1354 1047 1457 1112 insti·
1547 1045 1548 1070 ³

333 1157 507 1222 tutionem
523 1155 786 1242 Episcoporum
805 1163 842 1223 et
873 1163 1066 1222 externum
1097 1154 1258 1221 bdelium
1290 1155 1459 1237 regimen

334 1263 540 1343 primordiis
556 1263 745 1331 Ecclesiae
760 1263 858 1347 apud
874 1265 1069 1348 Apostolos
1085 1263 1211 1343 fuisso,
1230 1263 1378 1326 minime
1395 1277 1457 1326 ve·

333 1387 373 1434 ro
387 1388 499 1453 penes
513 1373 685 1455 populum
703 1372 952 1438 christianum.

423 1476 500 1542 264.
552 1477 724 1544 iraditio.
743 1477 914 1559 Tandem,
928 1478 959 1542 si
972 1493 1117 1542 sensum
1130 1475 1242 1540 totius
1259 1473 1456 1556 antiquita·

335 1582 380 1646 tis
397 1587 434 1647 et
448 1583 649 1650 doctrinam
667 1585 713 1650 ab
729 1584 896 1650 Ecclesia
927 1584 1100 1650 traditam
1129 1582 1376 1662 consulamus,
1396 1579 1456 1644 de·

335 1706 405 1752 nuo
420 1689 622 1756 videbimus
640 1691 857 1756 elementum
874 1689 1158 1757 democraticum
1174 1705 1360 1771 nunquam
1368 1686 1456 1768 juri-

336 1794 467 1860 diceac
480 1799 688 1862 necessario
697 1799 925 1863 concurrisse
937 1799 974 1861 in
987 1795 1455 1877 fideliumgubernctionem
1549 1817 1550 1862 }

336 1899 598 1983 Episcoporum
626 1903 842 1970 electionem
868 1905 929 1968 vel
966 1902 1088 1986 legum
1112 1901 1454 1984 promulgationem,

336 2006 433 2088 quod
445 2007 634 2072 evidenter
647 2009 825 2091 patefacit
851 2009 985 2074 leviter
997 2005 1263 2091 perscrutando
1281 2004 1453 2072 Concilio·

337 2130 415 2177 rum
429 2131 602 2196 canones,
614 2115 857 2181 Romanorum
869 2116 1082 2181 Pontificum
1100 2113 1250 2180 decreta
1267 2111 1454 2178 etSancto·

338 2235 416 2284 rum
433 2221 580 2286 Petrum
596 2224 808 2288 sententias.

428 2325 479 2390 1.⁰
526 2325 651 2392 Canon
667 2328 716 2392 IV
734 2326 887 2395 Concilii
903 2327 1056 2393 Nicaeni
1079 2325 1220 2391 statuit:
1246 2325 1452 2410 Episcopum

338 2434 494 2497 conuenit
510 2437 659 2498 manime
675 2436 810 2518 quidone
824 2435 866 2500 ab
881 2435 1037 2500 omuibus
1050 2434 1109 2517 qui
1120 2440 1201 2498 sunt
1212 2433 1250 2497 ln
1277 2427 1453 2516 provincia

338 2537 511 2602 ordinari.
530 2539 570 2603 st
583 2547 696 2604 nutem
713 2541 774 2606 boc
790 2541 933 2626 difficile
946 2541 1057 2625 fuerit
1084 2549 1147 2606 aut
1156 2546 1303 2626 propter
1329 2539 1452 2601 tueton-

341 2653 404 2708 tem
421 2649 667 2728 necessitatem,
686 2655 747 2714 aut
757 2656 905 2734 propter
918 2649 1057 2714 itineris
1073 2647 1335 2732 lonqituda'nem,
1352 2643 1453 2710 trt'but

340 2757 453 2816 tumen
469 2754 675 2819 omnimodis
691 2757 728 2818 t'n
756 2756 870 2838 ipsum
898 2756 1188 2835 convenientibus,
1206 2765 1239 2818 et
1265 2750 1454 2818 absentibus

340 2878 469 2942 quoque
476 2861 562 2944 puri
572 2861 670 2927 modo
683 2861 941 2926 decernentibus
954 2869 986 2926 et
991 2881 1060 2946 per
1073 2862 1208 2945 scripta
1222 2853 1454 2926 consentienti·

340 2963 413 3041 bus,
429 2971 500 3028 tum
516 2965 691 3030 ordinatio
703 2967 902 3031 celebretur.
918 2965 1100 3032 Flltllluts
1113 2973 1229 3030 autem
1243 2985 1362 3030 eorum
1375 2977 1453 3046 quat

340 3077 507 3152 qeruutur
515 3091 583 3154 per
596 3092 869 3157 unamquamque
879 3072 1115 3156 prouinciam,
1141 3077 1455 3136 mmssopoul'tlllo

342 3174 517 3239 tribuatur
543 3178 714 3262 episcopm
733 3182 770 3242 et
787 3195 906 3242 canon
933 3177 982 3242 Vl
1010 3179 1064 3242 ita
1095 3175 1293 3243 concludit:
1319 3175 1359 3240 Si
1385 3172 1455 3258 quir

343 3293 516 3344 cannuca
532 3295 771 3348 snu‘rsurmu
789 3297 1097 3348 unraoromrlul
1118 3283 1238 3369 sactus
1251 3282 1362 3369 suerit
1390 3277 1454 3363 ept-

342 3406 475 3470 ccopnr,
487 3385 576 3452 bunc
592 3409 716 3473 tnuqnu
734 3387 894 3474 Synodus
910 3390 1044 3478 definiit
1077 3391 1277 3475 episcopum
1295 3408 1364 3454 ecee
1389 3403 1452 3450 nun

343 3500 510 3576 oportere:
527 3493 627 3558 nullu
642 3493 679 3558 in
696 3493 751 3558 his
768 3495 968 3560 canonibus
985 3496 1025 3560 fit
1041 3496 1176 3560 mentio
1191 3493 1330 3578 populi.

433 3595 632 3664 Concilium
646 3600 875 3682 Sardicense,
895 3607 933 3666 ut
949 3600 1077 3668 vidoro
1094 3605 1150 3667 est
1165 3602 1203 3666 in
1221 3618 1304 3682 cup.
1318 3599 1351 3663 2.
1369 3593 1456 3661 tituli

345 3702 407 3767 Vl.
424 3703 487 3768 lib.
505 3705 534 3768 1.
553 3706 594 3771 de
613 3707 772 3772 electione
786 3715 818 3772 et
831 3709 928 3774 electi
939 3715 1117 3796 putatote,
1150 3707 1327 3790 reprobat
1356 3709 1456 3785 atque

345 3808 454 3872 etiam
471 3813 721 3877 communione
738 3813 835 3877 laico
847 3813 971 3896 privat
987 3831 1082 3896 eum,
1101 3815 1163 3898 qui
1180 3813 1297 3896 exigit
1313 3813 1457 3878 electum

346 3913 506 3979 ordinari
523 3934 568 3982 ex
584 3917 716 4004 litteris
733 3938 756 3982 a
769 3921 903 4002 populo
921 3921 1068 4004 habitis,
1084 3939 1167 3986 cum
1186 3921 1311 4004 plures
1327 3919 1371 3984 de
1401 3931 1455 4000 pu·

418 4195 457 4260 (l)
497 4193 727 4254 commentarium
739 4201 770 4253 ln
781 4215 843 4268 cap.
854 4203 887 4254 26
902 4200 1005 4256 cluth.

418 4265 455 4330 (t)
489 4262 563 4321 Hm.
578 4265 679 4322 Eccles-
692 4271 752 4324 Lib.
765 4271 818 4334 111,
830 4287 891 4340 cap.
903 4272 953 4340 lv,
965 4289 1046 4328 num.
1058 4275 1085 4326 b.
