3120 4988
575 392 732 448 41..

75 541 80 554 ·
183 530 286 599 Prob.
307 534 392 599 min.
408 533 547 599 Natura
560 534 747 600 societatis
763 551 975 617 summaque
1001 532 1134 615 Jurium
1164 532 1212 598 ei-

106 641 176 706 dem
192 642 471 725 competentium
490 642 725 708 desumuntur
739 659 786 707 ex
802 641 873 714 flue
891 641 1038 725 proprio
1055 645 1092 706 et
1105 640 1212 707 adae·

105 753 203 832 qualo
218 749 263 813 ad
280 767 386 832 quem
400 749 528 832 tendit;
548 751 648 833 atqui
661 751 741 814 finis
771 750 940 833 proprius
965 755 1002 813 et
1030 749 1211 832 adaequa-

105 861 153 919 tus
169 857 237 939 qud
255 856 370 920 tendit
387 856 566 938 Ecclesia,
580 859 661 921 sive
675 857 873 939 proximus,
893 873 1036 938 nempe,
1056 857 1212 921 sanctifi-

104 962 189 1026 catio
217 963 431 1046 animarum,
461 963 540 1028 sive
570 968 741 1046 remotus,
784 962 970 1043 videlicet,
1005 963 1213 1027 consecutio

103 1068 193 1134 vitae
206 1074 390 1152 aeternae,
408 1070 698 1152 supernaturalis
716 1075 784 1150 est;
816 1085 903 1151 ergo
934 1073 1008 1132 tum
1034 1067 1212 1151 Ecclesia,

104 1183 169 1240 tum
183 1176 292 1259 ipsius
309 1180 486 1262 potestas,
501 1178 646 1259 quaein
663 1193 800 1241 summe
818 1175 953 1257 Jurium
968 1175 1085 1240 eidem
1119 1193 1211 1241 com-

104 1283 290 1362 petentium
328 1283 400 1347 sita
427 1287 494 1366 est,
525 1281 824 1366 supernaturales
858 1283 1030 1364 existunt;
1060 1283 1214 1366 ideoque

104 1391 252 1468 oportuit
267 1388 448 1454 Christum
466 1389 659 1454 Dominum
675 1387 908 1453 constituisse
926 1393 963 1452 et
995 1393 1214 1471 potestatem

105 1496 379 1561 ecclesiasticam
394 1497 602 1561 distinctam
619 1499 656 1560 et
673 1494 977 1578 independentem
1004 1513 1026 1560 a
1043 1496 1157 1579 civili,
1177 1502 1215 1561 et

106 1601 294 1684 subjectum
346 1603 538 1686 potestatis
582 1602 872 1684 supernaturalis
902 1620 924 1666 a
955 1620 994 1666 se
1026 1601 1214 1667 institutae

104 1711 204 1775 etiam
220 1711 426 1776 distinctum
445 1717 482 1775 et
495 1728 643 1793 prorsus
673 1709 922 1793 independens
939 1729 961 1774 a
974 1711 1139 1792 subjecto
1153 1729 1213 1794 po-

105 1819 235 1882 testatis
247 1819 438 1899 naturalis,
457 1818 494 1881 id
513 1825 580 1899 est,
597 1836 619 1880 a
651 1818 877 1900 principibus
909 1817 969 1883 vel
997 1818 1215 1901 magistrati·

106 1921 163 1986 bus
178 1925 436 2006 saecularibus,
456 1925 525 1988 nisi
543 1923 684 1988 dicatur
702 1925 763 1988 vel
780 1930 1006 2006 supponatur
1040 1923 1216 1990 Divinum

106 2025 279 2097 Ecclesiae
296 2030 541 2096 Fundatorem
559 2031 712 2112 speciali
742 2031 974 2113 providentia
988 2040 1024 2095 et
1037 2031 1215 2114 singulari

106 2138 302 2201 oeconomia
316 2142 535 2220 potestatem
554 2137 700 2200 civilem
715 2137 865 2218 ejusque
882 2137 1084 2217 subJectum
1100 2137 1146 2201 ad
1160 2154 1215 2200 or·

107 2237 214 2305 dinem
229 2242 546 2325 supernaturalem
564 2243 744 2324 elevasse,
764 2249 802 2304 ut
818 2242 870 2305 ita
896 2260 963 2324 per
994 2243 1216 2308 elevationem

108 2343 243 2412 haberet
259 2349 295 2413 in
312 2347 516 2412 Ecclesiam
534 2354 766 2430 potestatem,
785 2366 857 2431 qua
869 2370 937 2434 per
953 2370 988 2414 ac
1006 2350 1169 2414 carebat.

184 2455 248 2521 Sed
266 2454 447 2538 ejdemodi
471 2457 626 2520 assertio
644 2457 705 2521 vel
722 2455 935 2538 hypothesis
952 2463 988 2521 et
1006 2457 1136 2521 unitati
1151 2456 1215 2521 Ec-

109 2562 227 2629 clesiae
256 2567 367 2649 plane
397 2565 627 2647 adversatur,
658 2570 694 2627 et
713 2583 735 2628 e
764 2565 921 2629 veritate
954 2565 1098 2629 omnino
1131 2565 1216 2629 elie-

110 2687 148 2734 na
169 2679 230 2754 est,
248 2672 425 2756 siquidem
450 2671 669 2755 Redemptor
686 2676 811 2736 noster
836 2673 972 2736 nullam
998 2677 1217 2754 potestatem

109 2763 380 2846 ecclesiasticam
398 2781 624 2862 principibus
654 2781 820 2859 contulit,
839 2781 947 2844 immo
965 2798 1054 2844 vero
1080 2780 1215 2862 pluries

109 2882 140 2948 in
155 2885 348 2970 Evangelio
365 2887 551 2970 praedixit
567 2887 714 2951 eosdem
733 2896 862 2971 aperta
876 2887 1076 2951 hostilitate
1090 2894 1126 2950 et
1138 2903 1216 2950 sae-

112 2989 248 3058 vissimis
282 2996 583 3060 insectationibus
608 3013 711 3060 suam
735 2994 941 3060 Ecclesiam
966 3012 1047 3061 esse
1065 3002 1216 3061 vexatu-

110 3104 447 3188 roszctodpraesideo
460 3104 550 3170 etad
563 3104 1110 3194 repcsduceminiproptermc,iu
1125 3107 1217 3171 teati-

108 3209 241 3275 mouium
258 3211 342 3292 illia,
361 3217 392 3275 et
403 3211 559 3295 pentibus
577 3212 635 3295 (1).

187 3314 235 3381 Ex
250 3318 318 3398 hie,
338 3335 433 3401 quae
448 3319 580 3382 leviter
599 3317 909 3401 adumbravimus,
928 3316 1089 3399 legitime
1106 3319 1215 3383 inler-

108 3423 159 3482 tur
170 3419 377 3507 Ecclesiam,
389 3426 498 3491 etiam
512 3433 679 3508 spectate
693 3433 832 3491 tantum
847 3427 974 3490 intima
989 3425 1066 3507 eJus
1083 3433 1216 3490 natura

107 3532 141 3589 et
157 3535 299 3616 propria
316 3533 488 3614 essentia,
507 3541 686 3616 quatenus
702 3551 833 3616 nempe
850 3551 1033 3616 suprema,
1052 3551 1137 3616 una,
1157 3549 1216 3597 oa·

108 3635 227 3706 tholiea
250 3646 286 3706 et
303 3640 594 3724 supernaturalis
618 3649 685 3725 est,
705 3642 870 3706 omnibus
900 3645 1086 3724 tamquam
1104 3641 1216 3706 socie·

108 3751 203 3812 tatem
220 3767 358 3816 summe
387 3752 589 3834 perfectam
618 3758 653 3816 et
672 3769 892 3835 magnopere
910 3750 1215 3834 independentem

108 3860 300 3924 necessario
314 3875 509 3942 apparere.

182 3966 233 4033 32.
281 3967 541 4052 Inquirendum
560 3971 664 4035 modo
682 3972 783 4037 venit
801 3972 951 4057 qualiter
966 3969 1128 4037 Christus
1145 3971 1214 4036 Do·

107 4069 208 4138 minus
223 4093 326 4141 suam
343 4075 545 4142 Ecclesiam
559 4079 766 4162 instituerit,
784 4087 902 4144 utrum
916 4096 995 4144 eam
1011 4080 1213 4161 perfectam

109 4178 158 4242 rel
184 4183 446 4268 imperfectam,
466 4203 674 4268 supremam
692 4187 752 4251 vel
785 4187 1051 4270 dependentem
1085 4187 1215 4252 consti·

109 4287 214 4372 tuerit3
240 4291 417 4376 ejusmodi
446 4295 610 4377 quaestio
639 4295 805 4362 historico
834 4300 902 4377 est,
929 4298 1098 4360 versatur
1122 4295 1218 4362 enim

111 4375 305 4396 Ἣ

167 4418 203 4484 ll)
238 4419 341 4474 matth.
355 4435 416 4488 cop.
431 4421 467 4485 X,
478 4437 504 4476 v.
522 4423 561 4474 18.
