3034 4990
806 368 981 431 ,280-

331 514 542 585 Pontificem
557 517 715 599 pertinet
729 518 793 580 hos
812 534 970 582 canones
984 515 1219 597 interpretari
1249 519 1285 579 et
1313 513 1450 578 moditi-

333 642 418 689 care
434 642 497 689 sen
515 624 634 706 quoad
647 626 800 689 formam
819 633 971 705 mutare;
1004 630 1087 687 suut
1113 624 1255 686 demum
1286 622 1451 685 nonnulli

334 749 491 796 canones
509 733 545 795 iu
564 733 769 812 praeceptis
786 732 918 794 (lirinis
949 730 1115 812 positivis
1143 730 1324 808 sistentes,
1363 745 1452 810 qnos

333 857 436 902 nemo
455 839 606 919 ambigit
622 839 819 901 Romanum
837 839 1046 901 Pontificem
1066 841 1296 917 potestatem,
1323 836 1396 897 imo
1417 850 1451 895 et

334 946 489 1009 officinm
509 945 645 1007 habere
663 945 887 1024 declarandi,
909 953 1025 1007 utrum
1043 943 1184 1005 scilicet
1201 943 1311 1005 certis
1328 958 1451 1022 super·

338 1052 563 1116 venientibus
583 1052 864 1115 circumstantiis
883 1051 1045 1130 obligare
1062 1049 1221 1112 debeant
1235 1066 1361 1111 necne.

423 1156 549 1238 Quoad
568 1176 725 1222 canones
743 1159 1004 1238 ecclesiasticos,
1024 1157 1152 1219 iterum
1171 1157 1252 1219 dist.
1273 1162 1360 1219 aaa:
1397 1171 1450 1216 ca-

335 1282 447 1328 nones
463 1266 682 1330 auctoritate
697 1266 847 1331 bumana
871 1284 934 1330 sen
947 1283 1046 1331 mere
1064 1264 1315 1329 ecclesiastica
1333 1263 1451 1326 condi-

335 1378 389 1434 tos
404 1372 583 1436 Romanos
599 1371 790 1436 Pontifices
805 1373 968 1453 obligant
978 1372 1168 1452 moraliter,
1185 1370 1254 1434 hoe
1283 1375 1350 1449 est,
1371 1387 1449 1450 pro-

332 1483 413 1560 pter
445 1479 671 1543 honestatem
704 1489 739 1542 et
771 1480 1045 1560 congruentiam
1083 1479 1216 1541 bonum
1246 1478 1449 1557 exemplum

335 1585 531 1666 praebendi
546 1586 709 1667 subditis,
726 1588 777 1649 ita
795 1592 832 1648 nt
845 1586 923 1648 sine
934 1584 1142 1648 rationabili
1158 1602 1269 1646 causa
1284 1601 1344 1646 eos
1360 1583 1450 1645 licite

334 1690 481 1753 abolere
516 1698 712 1773 nequeant,
732 1710 836 1770 couc.;
856 1690 1020 1753 Surnmos
1064 1690 1257 1752 Pontifices
1291 1689 1450 1767 obligant

335 1797 443 1859 etiarn
453 1799 610 1882 juridice
626 1805 688 1860 ant
705 1799 886 1878 legaliter,
903 1798 953 1859 ita
973 1803 1010 1858 ut
1024 1796 1112 1859 nihil
1130 1797 1245 1860 valide
1279 1796 1450 1858 adversus

334 1903 485 1983 hujusce
505 1921 663 1966 canones
677 1922 788 1984 agere
806 1911 953 1986 queant,
970 1923 1063 1987 nepo.

422 2008 501 2075 Hac
521 2028 632 2091 snper
649 2028 688 2073 re
701 2011 770 2074 duo
805 2011 969 2091 apprime
986 2008 1212 2072 secernenda
1229 2015 1324 2086 suut,
1357 2022 1448 2069 nem-

335 2131 380 2196 pe
398 2115 450 2178 vr's
464 2133 507 2178 ae
521 2117 675 2199 facultas
689 2116 826 2198 aliquid
860 2116 1031 2196 faciendi,
1051 2121 1087 2178 et
1104 2117 1157 2178 rei
1174 2115 1337 2196 agendae
1355 2114 1446 2176 borre—

334 2229 419 2302 atos;
439 2222 537 2285 alind
556 2224 649 2285 enim
672 2228 727 2285 est
741 2223 836 2304 quod
850 2222 985 2304 aliquid
1014 2240 1060 2285 ex
1089 2221 1233 2285 defectu
1268 2221 1395 2283 virium
1410 2234 1448 2278 ac

335 2329 520 2391 facultatis
538 2331 732 2394 travalidam.
760 2329 951 2409 habeatur,
967 2327 1065 2390 aliud
1079 2345 1167 2391 vero
1184 2328 1279 2409 qnod
1298 2344 1344 2389 ex
1356 2327 1446 2388 bone·

335 2438 435 2498 alatis
450 2434 591 2498 dilectu
611 2438 771 2500 illicitam
786 2442 944 2518 putetur3
961 2435 1028 2497 hoc
1042 2440 1224 2516 postremo
1239 2451 1346 2496 sensu
1360 2433 1446 2495 loen·

335 2543 361 2603 ti
379 2550 462 2604 snut
479 2542 612 2607 Summi
626 2543 831 2623 Pontifices
854 2559 933 2604 cnm
951 2551 1133 2622 negarunt
1159 2541 1335 2604 adversus
1349 2556 1445 2603 catun-

335 2659 406 2711 nes·
432 2666 470 2711 se
488 2649 682 2731 quidquam
697 2668 815 2731 posse,
835 2649 934 2711 nulla
952 2649 1093 2712 seilicet
1125 2648 1315 2712 accidente
1330 2664 1444 2721 canna,

337 2773 382 2818 ex
416 2774 488 2837 qua
507 2756 642 2819 abillis
675 2755 811 2819 discedi
844 2764 1040 2836 oporteret.
1077 2754 1196 2818 l'lausa
1229 2753 1445 2817 rationabilis

335 2861 540 2943 hujusmodi
559 2881 718 2926 canones
735 2863 947 2926 immutandi
968 2864 1026 2926 vel
1045 2863 1246 2944 abrogandi
1278 2862 1390 2942 adest,
1420 2860 1445 2920 si

336 2972 424 3033 liant
456 2972 808 3054 noxiiautiuutileS,
829 2974 914 3055 qnia
945 2975 1048 3054 plebs
1083 2974 1284 3037 christiana
1313 2979 1445 3036 nonest

336 3077 509 3140 inutiliter
527 3080 728 3160 gravanda;
749 3088 869 3143 tamen
887 3080 999 3160 judex
1018 3087 1228 3162 cornpeteus
1259 3081 1305 3142 ad
1335 3081 1443 3142 finien-

337 3181 419 3245 dam
435 3185 756 3248 rationabilitatem
775 3188 1022 3267 abnegationis
1049 3190 1107 3250 vcl
1125 3188 1383 3251 immutationis
1399 3192 1444 3246 est

336 3291 414 3370 ipse
431 3291 610 3355 Romanus
628 3293 808 3374 Pontit'ex3
828 3295 858 3356 si
872 3301 993 3357 autem
1007 3295 1153 3358 dubium
1171 3302 1375 3375 emergeret
1392 3300 1444 3355 ant

338 3414 464 3477 parum
483 3399 647 3462 utilitatis
666 3418 710 3462 ex
727 3402 965 3483 abrogatione
984 3421 1047 3465 sea
1067 3404 1272 3466 variatione
1290 3419 1433 3485 sequere

337 3511 407 3585 tur,
427 3524 498 3568 nou
516 3507 663 3597 expedit
681 3526 738 3570 res
756 3509 1008 3590 discipliuares
1028 3519 1179 3591 mutare,
1199 3512 1314 3574 donec
1349 3510 1442 3573 usita-

338 3617 397 3674 tae
415 3612 511 3692 apnd
526 3613 684 3677 fidelium
715 3634 832 3678 mores
850 3618 1012 3693 veniunt,
1029 3618 1135 3693 ¹irrata
1154 3637 1302 3682 auream
1321 3619 1355 3682 S.
1383 3617 1443 3679 An·

337 3719 471 3797 gnstini
488 3723 716 3784 sententiam:
738 3723 883 3788 illatutio
912 3725 1119 3807 discipliuae
1137 3748 1223 3809 qaae
1240 3727 1441 3809 utilitateja·

339 3833 407 3904 vot,
427 3828 575 3891 rtovr'tate
591 3837 698 3893 uocet.

426 3930 495 3994 Sed
525 3936 702 3998 communi
734 3938 890 4000 omnium
922 3939 1062 4003 calculo
1096 3942 1232 4004 n'nmmi
1262 3939 1442 4005 Pontifices

330 4039 486 4122 juridice
505 4044 611 4106 etiam
630 4045 869 4124 subjiciuntur
887 4049 1087 4112 eartouibns
1105 4050 1141 4111 iu
1159 4059 1316 4130 quatuor
1332 4047 1442 4130 priori·

340 4144 404 4207 bus
419 4143 666 4213 Oeenmenicis
680 4150 849 4215 Oonclliis
863 4155 1025 4236 sancitis,
1041 4157 1188 4235 etenim,
1201 4157 1310 4237 juxta
1322 4158 1355 4219 S.
1368 4154 1441 4219 Gre-

339 4253 477 4330 gorium
508 4253 687 4338 Magnum,
721 4258 811 4322 haec
840 4262 1028 4341 generalia
1072 4261 1238 4328 Consilia
1273 4270 1440 4347 tamquam
