3024 4994
494 433 673 492 -195-

51 577 184 642 recalet
201 577 298 643 circa
312 578 489 660 eJusmodi
506 580 659 644 effectus
672 581 885 665 separabiles
901 581 955 646 rei
987 582 1034 647 ad
1052 582 1144 648 ordi·

51 702 115 748 rem
129 685 438 768 supernaturalem
456 689 622 770 evectae,
637 686 702 751 sed
718 704 916 772 numquam
939 705 1051 772 supra
1068 691 1144 755 eub-

50 791 263 858 auotiamvel
279 792 435 858 effectus
462 794 715 879 inseparabiles
747 793 801 858 rei
833 812 931 859 novo
958 798 994 860 et
1022 795 1145 862 altiori

50 899 236 964 charactere
254 899 464 981 insignitae.

119 1005 249 1088 Regula
265 1005 332 1071 3³:
352 1007 508 1072 Potestas
525 1006 702 1072 Ecclesiae
719 1008 754 1072 oi
781 1008 904 1073 activo
921 1015 1021 1094 utque
1038 1010 1145 1076 insito

49 1113 218 1180 accenditur
234 1115 282 1180 ad
300 1134 356 1179 cea
374 1115 579 1199 temporales
594 1127 937 1180 sprarrrranrzaras.
952 1115 1143 1182 Probatur:

49 1221 87 1282 i.⁰
101 1221 309 1304 temporalia
319 1221 413 1286 euim
427 1221 677 1305 spiritualibus
690 1220 848 1305 adnexa,
864 1225 1015 1306 propter
1028 1223 1146 1307 ipsam

49 1329 315 1410 conjunctionem
329 1347 392 1394 seu
407 1331 669 1394 connexionem
685 1339 767 1394 cum
783 1329 1045 1414 spiritualibus,
1064 1348 1146 1397 con-

48 1437 193 1502 ditionem
211 1439 273 1503 vel
297 1440 466 1503 naturam
496 1455 595 1502 mere
624 1437 864 1521 temporalem
894 1439 1076 1521 amittunt,
1103 1456 1146 1504 eo

48 1544 122 1624 quod
138 1545 352 1628 praevaleat
371 1544 458 1609 ordo
484 1544 776 1628 supernaturalis
794 1545 902 1627 louge
930 1545 1085 1610 nobilior
1102 1563 1147 1610 ao

47 1653 208 1717 sublimior
233 1653 359 1718 ordine
378 1653 549 1734 naturali;
570 1651 622 1718 2.⁰
639 1652 725 1735 quia
742 1656 780 1716 ut
804 1656 943 1717 rectum
959 1653 1048 1718 ferri
1065 1671 1145 1737 pos·

47 1761 81 1821 sit
100 1760 280 1844 judicium,
300 1779 344 1825 ac
368 1761 456 1842 justi
487 1765 669 1843 ponantur
694 1763 784 1825 fines
813 1761 1086 1828 ecclesiasticae
1110 1768 1147 1829 et

48 1869 144 1933 ciuilis
161 1869 366 1953 potestatis,
385 1867 528 1934 illudio
557 1869 683 1951 primis
701 1869 969 1934 observandum
985 1870 1144 1954 videtur,

48 1975 129 2056 cujus
155 1977 373 2041 auctoritate
398 1981 434 2040 et
451 1976 594 2060 legibus
622 1993 667 2041 ea
697 1993 768 2058 res,
788 1976 832 2042 de
849 1994 921 2060 qua
946 1979 1145 2061 quaeritur,

48 2083 220 2148 constituta
249 2083 309 2148 sit:
330 2101 426 2165 nam,
446 2086 485 2146 ut
513 2083 679 2167 apposite
709 2082 1146 2149 animadvertitioaunes

48 2189 156 2257 Devoti
184 2193 246 2276 (1),
267 2192 455 2257 “dubitare
481 2193 560 2275 quis
590 2191 727 2275 nequit,
747 2192 832 2277 quin
852 2192 961 2276 isqui
989 2209 1066 2257 rem
1084 2191 1147 2256 ali·

48 2315 133 2378 quam
148 2299 347 2380 constituit,
367 2299 540 2384 legesque
557 2299 641 2364 tulit
654 2317 733 2364 cum
749 2298 877 2382 quibus
894 2298 1021 2363 eadem
1036 2297 1147 2363 admi·

48 2405 253 2489 nistraretur,
272 2423 415 2471 omnem
429 2406 466 2471 in
481 2425 523 2471 ea
537 2405 1148 2489 jurisdictionemetauctoritatem

48 2510 158 2580 habere
175 2515 321 2580 debeat.
341 2513 451 2598 Atqui
476 2514 522 2578 ab
551 2513 719 2578 Ecclesia
747 2513 912 2578 instituta
928 2516 1012 2578 sunt
1039 2514 1148 2579 bene·

49 2619 121 2702 ficia,
134 2624 425 2707 J'uspatronatus,
444 2621 621 2705 decimae,
638 2622 697 2703 Jus
712 2621 852 2686 funeris
869 2625 905 2686 et
922 2622 1145 2706 sepulturae,

45 2728 108 2806 jnra
123 2731 234 2795 multa
247 2735 284 2795 et
300 2730 498 2813 privilegia
515 2729 791 2813 Episcoporum,
803 2731 887 2810 jnra
900 2727 1146 2794 Parocborum

47 2839 73 2896 et
96 2844 247 2921 caetera,
267 2856 362 2921 quae
386 2843 448 2903 aut
477 2837 696 2922 spiritualia,
717 2843 780 2901 aut
807 2835 1056 2920 spiritualibus
1085 2854 1146 2901 an·

47 2956 122 3007 uera
144 2951 237 3028 eunt,
258 2944 302 3009 de
335 2944 450 3030 iisque
475 2944 639 3010 omnibus
665 2946 711 3009 ab
725 2942 892 3008 Ecclesia
915 2943 1015 3025 leges
1044 2959 1147 3025 prae-

47 3051 182 3133 scriptae
200 3055 296 3117 sunt.
319 3050 458 3118 Cuncta
475 3053 586 3135 igitur
599 3053 644 3116 ab
663 3052 741 3134 ojus
756 3050 973 3116 auctoritate
986 3050 1147 3134 pendere

47 3152 190 3244 debent,;
211 3158 264 3224 3.⁰
280 3159 332 3223 ita
357 3159 499 3224 demum
517 3177 563 3224 ex
580 3157 729 3242 Syllabo
754 3158 892 3223 eruitur
917 3157 978 3242 qui
1004 3157 1145 3241 opposi-

47 3270 103 3328 tam
116 3265 315 3332 doctrinam
333 3267 369 3331 in
386 3266 636 3349 propositione
649 3265 770 3330 XXIV
785 3265 985 3330 damnavit:
1004 3263 1147 3330 “Eccle-

47 3369 87 3432 sia
101 3374 153 3437 vis
168 3374 382 3439 inferendae
399 3377 618 3455 potestatem
630 3372 841 3454 nonhabet,
858 3389 976 3456 neque
989 3375 1147 3455 potesta·
1184 3401 1193 3420 κ

47 3482 102 3541 tem
119 3481 225 3546 ullam
239 3481 479 3565 temporalem
498 3481 673 3545 directam
687 3480 748 3545 vel
763 3478 1012 3562 indirectam„

117 3585 182 3653 Sed
207 3588 378 3673 quoniam
396 3587 516 3670 agitur
534 3587 577 3653 de
595 3588 703 3652 rebus
721 3587 951 3669 aliquatenus
968 3590 1148 3668 tempora·

47 3688 136 3777 libus,
155 3697 331 3781 siquidem
350 3713 396 3762 ex
420 3695 600 3779 principio
628 3697 788 3760 naturali
807 3696 983 3779 originem
999 3693 1147 3777 ducunt,

47 3807 211 3880 quaeritur
228 3823 337 3888 nunc,
357 3810 475 3870 utrum
494 3809 656 3888 potestas
681 3805 880 3870 saecularis
909 3805 1010 3888 loges
1040 3803 1149 3869 edere

47 3914 142 3988 possit
157 3933 266 3999 supra
292 3915 510 3998 temporalia
534 3915 808 4001 spirituaiizota:
825 3912 871 3978 ad
888 3911 985 3995 quod
1000 3929 1147 3996 respon·

48 4015 181 4087 deudum
196 4023 340 4088 videtur
353 4023 540 4105 Principes
555 4026 591 4087 et
604 4021 840 4104 Magistratus
853 4020 1022 4103 politicos
1035 4019 1090 4085 his
1105 4019 1150 4084 de

47 4125 136 4192 rcbus
166 4129 265 4214 leges
282 4131 379 4196 ferre
396 4147 504 4214 posse
522 4134 661 4195 tantum
680 4129 930 4194 accumulatice
948 4143 1012 4191 seu
1029 4147 1148 4212 eaper-

49 4252 51 4256 .
75 4255 209 4270 --......

103 4341 135 4405 (1)
169 4340 273 4412 Prolep.
286 4344 317 4398 ia
328 4342 381 4398 Jus
395 4341 462 4398 Coa.
475 4344 550 4398 auio.
564 4359 625 4412 cap.
638 4343 705 4409 Xll,
718 4342 735 4410 ἓ
751 4343 789 4394 19.
