3146 4980
807 383 986 442 -398-

332 544 428 609 quae
446 543 511 608 pro
529 525 680 609 speciali
693 537 804 608 scopo
818 525 955 590 habent
970 525 1147 608 impetere
1166 530 1276 609 atque
1293 527 1462 592 evellere

333 635 534 716 praecipua
551 649 713 698 errorum
746 633 881 714 capita,
917 649 1012 714 quae
1045 633 1233 698 vaferrimi
1266 633 1462 699 Ecclesiae

333 739 455 804 hostes
482 739 629 803 effutire
646 723 725 803 ausi
741 745 825 802 sunt
850 737 1139 821 omnitempore,
1159 741 1374 820 praesertim
1395 757 1458 803 ve·

333 861 373 908 ro
392 843 460 908 hac
477 843 676 908 novissima
689 851 811 907 aetate
826 849 956 908 contra
972 843 1134 909 divinam
1148 849 1382 926 potestatem,
1402 862 1459 910 es-

331 951 595 1036 ¹sentiulemque
613 949 907 1014 constitutionem
924 949 1109 1014 societatis
1129 969 1151 1013 a
1173 948 1317 1015 Christo
1335 950 1457 1016 Domi-

333 1073 379 1120 no
397 1056 596 1120 institutae.

423 1159 499 1224 257.
547 1160 617 1226 Pro
631 1160 855 1225 adstruenda
865 1160 975 1242 igitur
989 1166 1025 1224 et
1036 1159 1259 1226 vindlcanda
1272 1161 1458 1226 catholica

334 1267 491 1330 veritate
508 1271 720 1350 sequentem
752 1267 943 1330 statuimus
971 1267 1268 1350 propositionem:
1298 1268 1457 1334 Potestas

333 1375 472 1459 rependi
488 1383 590 1466 atque
622 1374 861 1459 lepessersndi
893 1395 937 1438 eoa
965 1371 1100 1440 Odrisio
1127 1375 1346 1440 institutione
1372 1387 1454 1438 sont

333 1479 543 1546 Ecclesiam
565 1484 650 1567 jare
661 1482 810 1565 proprio
825 1481 998 1564 competit;
1015 1480 1158 1564 ideoque
1184 1480 1452 1546 Ecclesiasticus

334 1589 438 1676 Lepas
451 1600 483 1654 et
496 1589 696 1675 Pontificiae
712 1586 976 1653 Constitutiones
993 1609 1060 1652 nou
1090 1588 1244 1672 indigent
1272 1599 1453 1651 accurra-

333 1709 449 1760 moun
472 1709 612 1760 posunt
629 1695 681 1760 aei
697 1707 891 1760 consensu
907 1694 1122 1758 Parucnuu
1138 1695 1186 1759 ad
1209 1695 1278 1758 aim
1304 1695 1452 1760 ottinsa-

333 1804 427 1868 dam.
1408 1859 1411 1868 .

424 1907 609 1988 Eiusmodi
621 1906 737 1972 'thesis
754 1914 828 1972 tres
847 1911 970 1990 partes
983 1908 1250 1991 complectitur:
1281 1908 1381 1989 prior
1409 1904 1452 1969 ad

333 2014 449 2079 instar
473 2013 696 2096 praemissae
712 2021 768 2078 est
785 2013 1081 2092 fundamentalis,
1100 2021 1137 2078 et
1153 2018 1231 2079 tota
1249 2014 1389 2078 sistitur
1413 2012 1447 2076 in

334 2119 554 2186 stabilienda
578 2137 622 2185 ac
649 2121 784 2184 tuenda
816 2121 1006 2185 exclusiva
1041 2119 1230 2185 Ecclesiae
1258 2125 1448 2203 potestate,

335 2237 409 2293 tum
438 2229 484 2293 ad
512 2228 747 2292 christianum
766 2245 915 2309 gregem
942 2227 1155 2310 regendum,
1185 2231 1260 2291 tum
1279 2227 1325 2290 ad
1355 2228 1448 2308 leges

334 2334 557 2414 condendas;
568 2334 664 2398 aliae
677 2333 771 2397 duae
786 2351 825 2397 se
837 2333 973 2398 habent
986 2341 1171 2416 tamquam
1185 2337 1298 2396 verae
1313 2330 1446 2396 conclu-

335 2443 455 2504 siones
471 2457 518 2503 cx
531 2440 779 2521 propositione
796 2439 1060 2503 fundamentali
1094 2437 1286 2520 deductae,
1305 2453 1448 2520 quarum

334 2546 453 2610 altera
466 2547 721 2610 necessitatem
739 2546 986 2629 acceptationis
1018 2543 1144 2626 populi
1162 2527 1364 2608 'christiani
1393 2557 1448 2605 ex·

335 2651 449 2716 cludit
465 2652 513 2715 ud
529 2650 693 2714 valorem
707 2651 902 2730 jnridicum
915 2649 1110 2716 Sacrarum
1135 2648 1444 2723 Constitutionum

336 2759 454 2824 altera
470 2775 559 2823 vero
576 2757 686 2822 etiam
699 2758 843 2838 penitus
860 2757 963 2822 elidit
979 2773 1197 2824 consensum
1225 2757 1362 2839 Regum
1393 2752 1446 2818 vel

335 2865 543 2948 Principum
559 2863 801 2928 saecularium
818 2863 865 2926 ad
881 2863 956 2927 vim
971 2861 1251 2944 impertiendam
1285 2859 1448 2927 ecclesis·

335 2973 435 3036 stiels
452 2971 592 3054 legibus
609 2976 673 3035 aut
686 2969 880 3052 pontificiis
905 2969 1076 3034 decretis.
1414 2959 1417 2964 ’

424 3075 758 3141 Adstruiturthesis
787 3074 965 3141 adversus
992 3074 1195 3140 Marsilium
1222 3071 1445 3150 Patauinum,

335 3182 598 3263 Protestantes,
628 3181 854 3247 Edmundum
870 3181 1089 3264 motorium,
1116 3181 1299 3246 Justinum
1324 3179 1448 3270 Febre-

336 3286 447 3367 nium,
469 3284 692 3368 Gallicanos,
708 3287 964 3370 Jansenianos,
994 3287 1201 3370 Regalistas
1218 3295 1447 3367 caeterosque

334 3410 460 3457 omnes
477 3392 538 3475 qui
550 3409 695 3457 errores
712 3393 1038 3476 perniciosissimos
1056 3395 1119 3459 vel
1143 3394 1241 3460 falsa
1256 3392 1447 3476 systemata

335 3497 531 3564 commenti
545 3503 629 3562 sunt
645 3499 745 3562 circa
765 3501 954 3585 subjectam
966 3500 1197 3566 auctoritatis
1213 3513 1401 3584 supremae
1413 3497 1448 3558 et

335 3606 527 3688 potestatis
539 3603 717 3686 legiferae
734 3603 1000 3688 Ecclesiae‚jus
1017 3606 1169 3690 regendi
1186 3607 1360 3690 legesque
1373 3621 1448 3670 con-

337 3709 445 3775 dendi
459 3710 662 3775 tribuentes
674 3709 753 3775 sive
766 3713 900 3794 populo
912 3712 1112 3778 christiano
1127 3719 1191 3778 aut
1202 3714 1361 3780 fidelium
1377 3725 1448 3776 cos·

337 3819 401 3898 tui;
431 3819 510 3882 sive
526 3817 751 3900 principibus
780 3819 1031 3886 saecularibus
1048 3827 1113 3886 aut
1143 3820 1315 3886 civilibus
1349 3815 1449 3899 magi·

337 3923 524 3987 stratibus.

425 4025 725 4112 Unamquamque
740 4029 846 4110 huJus
863 4031 1165 4114 generalissimae
1182 4031 1296 4098 thesis
1313 4033 1445 4115 partem

337 4129 549 4211 singillatim
566 4133 805 4200 evincendam
823 4138 1043 4220 curabimus,
1068 4138 1251 4221 speciales
1276 4134 1447 4222 probatio-

337 4251 403 4298 nes
419 4235 455 4298 iu
470 4237 625 4302 medium
641 4239 840 4306 afferentes
862 4244 985 4324 gratia
998 4243 1184 4310 evellendi
1200 4245 1323 4311 omnia
1342 4243 1446 4326 systa-
