3034 4990
545 440 723 498 -281-

96 585 229 664 quatuor
245 583 449 665 Evangelia
463 584 631 650 habenda
649 587 743 665 sunt,
764 583 898 665 quippe
915 583 951 646 in
970 582 1022 647 sis
1050 583 1193 666 potissi·

94 707 139 752 ma
150 697 403 754 sacrosanctae
420 692 607 772 religionis
627 692 798 772 dogmata
815 689 1003 752 declarata
1033 707 1077 754 ec
1110 689 1193 754 deil-

93 797 154 858 nita
170 797 325 876 fuerunt,
346 803 453 878 atquc
471 799 576 862 simul
597 799 760 880 perfecta
788 802 842 859 est
874 795 1061 858 Ecclesiae
1091 813 1193 876 orga-

93 902 221 966 riculfu.

166 1007 291 1089 Quoad
323 1013 584 1076 consuetudines
616 1011 862 1075 Ecclesiarum
901 1007 1191 1090 particularium,

91 1137 159 1199 arpo
175 1124 260 1181 unt:
280 1116 422 1182 sienim
441 1119 719 1182 consuetudines
737 1135 800 1180 seu
819 1116 945 1178 melius
964 1115 1097 1178 abusus
1130 1114 1194 1177 ali·

92 1222 178 1300 cujus
208 1222 409 1305 Ecclesiae,
445 1230 532 1304 puta
563 1223 830 1290 Ooaauotttdiaes
870 1219 1097 1302 Anglicanae
1129 1221 1194 1284 sub

92 1325 232 1391 ilenrico
250 1327 284 1392 ll
304 1328 480 1394 adversus
500 1329 788 1394 ecclesiasticam
801 1326 1019 1407 libertatem,
1036 1325 1096 1389 vel
1111 1323 1193 1392 Gal·

93 1435 219 1498 licanae
236 1435 302 1499 sub
334 1435 518 1502 Ludovico
552 1437 636 1502 XIV
668 1437 848 1500 Primatus
874 1434 959 1515 jura
991 1434 1193 1515 laedentes,

94 1543 143 1604 rel
158 1561 402 1624 quaecumque
420 1545 514 1608 aliae
529 1544 626 1626 apud
638 1541 985 1607 caeterasnationes
1012 1541 1191 1622 vigentes,

94 1649 330 1712 :alacritatem
349 1648 483 1714 Summi
512 1650 695 1714 Pontificis
723 1649 882 1714 limitare
910 1647 1090 1728 valerent,
1119 1648 1196 1728 jam

93 1761 261 1818 noncssct
281 1773 352 1818 una
381 1756 547 1820 Ecclesia
575 1756 743 1822 catholico
776 1771 840 1817 seu
872 1752 1101 1832 universalis,
1132 1751 1197 1815 sed

93 1862 210 1925 multae
241 1863 458 1944 nationales,
479 1881 572 1944 quae
591 1862 739 1926 totidem
772 1860 970 1924 schismata
1003 1859 1195 1940 gignerent

92 1968 163 2030 criu
182 1969 398 2050 multiplices
416 1977 534 2033 sectas
567 1977 780 2050 segregatas
810 1967 1072 2030 coalescerent.
1103 1965 1197 2030 Hinc

92 2074 272 2155 privilegia
304 2075 492 2155 specialia,
513 2076 541 2138 si
560 2092 653 2156 quae
671 2074 795 2136 sintin
813 2073 986 2136 Ecclesiis
1006 2073 1195 2154 peculiari-

92 2179 157 2260 bus,
177 2181 377 2260 pcrdurant
404 2182 518 2245 donec
536 2181 703 2246 Pontifex
721 2181 913 2260 consentit;
932 2182 987 2243 sin
1005 2197 1092 2244 vcro
1128 2181 1195 2244 dis-

92 2288 223 2370 sentiat,
243 2293 364 2352 statim
399 2307 543 2352 cessare
562 2289 694 2352 debent
711 2305 752 2350 eo
773 2288 898 2368 magis,
920 2305 989 2369 quo
1023 2287 1194 2352 maximo·

93 2409 167 2472 pere
197 2394 368 2476 expediat
396 2395 489 2458 inter
515 2413 638 2458 omnes
667 2393 851 2458 Ecclesias
880 2395 1121 2476 particulares
1151 2395 1198 2458 ad

93 2509 244 2564 colurum
263 2501 523 2565 communionis
537 2502 708 2582 alligatas
728 2501 1011 2566 uniformitatem
1040 2501 1196 2583 discipli·

92 2623 151 2670 uae
168 2609 321 2672 servari.

171 2713 309 2796 Object.
330 2714 381 2778 2.'‘
399 2721 527 2779 contra
539 2717 794 2800 plenitudinem
807 2717 997 2798 potestatis
1012 2717 1196 2798 primatia·

92 2820 140 2884 lis,
157 2822 336 2886 Romanus
354 2822 520 2886 Pontifex
534 2825 691 2906 potentia
709 2835 875 2888 entrance
889 2831 944 2886 est
958 2822 1118 2886 Statibus
1137 2841 1196 2904 po·

93 2925 200 2992 liticis:
220 2931 329 3012 igitur
348 2929 425 3010 ejus
440 2931 639 2994 auctoritas
659 2949 738 2994 curn
754 2930 837 3011 jure
851 2936 977 2994 careat
994 2931 1198 3012 imperandi

94 3037 227 3118 alleges
245 3058 309 3122 pro
330 3041 468 3104 cunctis
486 3041 655 3121 gentibus
669 3041 822 3120 ferendi,
843 3040 951 3121 plena
985 3047 1021 3102 et
1056 3041 1197 3103 nniver-

94 3143 170 3206 salis
187 3163 231 3207 ex
249 3147 392 3210 defectu
410 3147 631 3232 extensionis
647 3147 788 3210 censeri
803 3147 939 3228 nequit.

172 3251 276 3335 Resp.
296 3255 389 3318 Dlst.
408 3263 495 3318 aut:
512 3254 746 3318 Pontificatus
763 3265 818 3318 est
851 3255 1015 3318 Potestas
1032 3262 1198 3320 eutraoeu

95 3361 249 3438 gentibus
268 3363 470 3426 infidelibus
489 3371 523 3424 st
540 3364 694 3426 statibus
709 3362 934 3443 aczttholicis,
955 3383 1046 3428 coac.
1063 3364 1123 3427 vel
1138 3381 1197 3445 po-

96 3468 155 3530 tius
172 3478 294 3552 troas.;
310 3473 542 3538 Pontificatus
561 3473 821 3536 existimandus
839 3481 894 3536 est
913 3473 1014 3536 velut
1030 3471 1198 3534 Potentia

96 3584 248 3644 ealroaeo
263 3581 297 3643 in
315 3581 504 3644 catholicis
522 3581 728 3644 nationibus
747 3602 842 3664 nepo.

173 3685 279 3750 Falsa
294 3689 436 3751 otnnino
454 3697 509 3752 cst
522 3689 704 3750 sententia
722 3705 845 3752 corum
865 3689 925 3769 qui
943 3687 1197 3750 auctoritatem

96 3785 216 3856 Summi
236 3793 415 3859 Pontificis
434 3797 783 3874 dicuntaclruaoum,
821 3803 857 3858 ut
889 3795 940 3857 ita
959 3793 1132 3857 invidiam
1164 3801 1201 3856 et

97 3893 288 3980 Principum
317 3901 552 3966 diffidentiam
572 3904 744 3983 excitent,
775 3903 906 3964 etenim
934 3901 983 3964 l.⁰
1015 3899 1196 3962 Romanus

96 3999 249 4070 Pontifex
268 4007 463 4074 Primatum
492 4012 637 4074 honoris
656 4016 692 4074 et
705 4003 967 4089 jurisdictionis
1001 4008 1037 4070 in
1057 4009 1199 4071 univer-

98 4123 165 4174 sam
191 4113 390 4179 Ecclesiam
406 4117 473 4180 Dei
502 4118 726 4182 institutione
756 4117 906 4196 obtinet,
933 4115 1085 4196 ideoque
1099 4133 1202 4178 suam

98 4227 303 4299 potestatem
320 4225 546 4308 spiritualem
580 4243 751 4289 exercere
770 4234 805 4288 et
823 4232 941 4306 potest
973 4230 1008 4288 et
1026 4224 1133 4287 debet
1165 4224 1201 4286 in

100 4333 206 4396 ornnia
233 4351 360 4416 regna,
381 4335 546 4416 regiones
565 4341 600 4397 et
617 4333 710 4413 loca,
747 4335 806 4397 ubi
830 4333 901 4398 sint
934 4333 1078 4412 subditi3
1108 4333 1202 4398 trude
