3030 4990
535 403 695 459 *131*

67 546 235 611 ueritatem
249 563 344 628 esse,
359 543 566 610 incaeteris
584 546 975 630 pseudo-religionibus
990 565 1164 630 errorem,

65 653 154 736 idque
171 653 214 716 ad
228 652 422 717 articulum
440 653 523 717 fidei
554 654 750 736 pertinere,
784 657 912 718 contra
944 673 1050 737 quem
1078 654 1168 720 nihil

66 777 157 841 agere
171 763 281 842 potet:
302 759 368 823 sub
383 758 451 824 hoc
465 764 633 843 respectu
652 779 723 824 uon
741 759 846 824 adest
871 760 1005 842 duplex
1023 779 1166 840 mensu·

67 885 105 948 ra,
122 867 180 932 sed
198 873 321 932 manet
349 869 454 931 lirina
483 867 543 931 lex
576 871 740 949 aeterna,
774 885 868 951 quae
895 869 1045 933 veritati
1077 886 1166 952 prae

67 991 168 1038 errore
185 975 407 1039 dominatum
423 975 553 1057 defert,
571 979 754 1058 negatque
773 993 852 1040 esse
884 993 992 1058 posse
1020 976 1165 1059 partici-

67 1083 225 1162 pationem
235 1081 402 1162 Justitiae
415 1099 496 1145 cum
509 1081 713 1165 iniquitate,
730 1099 847 1166 neque
864 1083 1077 1147 societatem
1094 1083 1167 1148 luci

68 1187 101 1251 ad
116 1189 290 1270 tenebras,
307 1190 413 1270 juxta
432 1188 601 1254 Doctoris
635 1189 796 1282 gentium
821 1189 936 1253 verba
969 1191 1029 1272 (l).
1064 1189 1167 1272 Quod

67 1301 187 1377 spectat
203 1296 248 1360 ad
266 1297 504 1378 heterodoaeos,
523 1301 702 1378 quatenus
731 1298 768 1361 in
781 1297 868 1363 bona
882 1299 949 1385 fide
980 1302 1164 1378 maneant,

67 1403 170 1467 eudem
184 1405 266 1485 jure
284 1408 402 1484 erunt,
425 1405 657 1484 coementes,
688 1403 816 1485 quibus
845 1403 934 1467 nihil
968 1404 1166 1486 imputatur

67 1527 103 1572 ex
117 1510 165 1592 iis,
180 1529 271 1594 quae
289 1511 327 1574 in
344 1510 503 1574 amentia
519 1513 642 1592 agunt.
661 1509 764 1592 Quod
782 1508 936 1593 denique
963 1510 1093 1576 attinet
1120 1511 1167 1576 ad

67 1637 123 1681 rem
136 1619 254 1702 ipsum,
274 1635 318 1682 ea
332 1617 425 1682 tales
442 1616 552 1681 habet
569 1616 816 1698 characteres,
833 1623 870 1681 ut
887 1619 923 1682 in
939 1619 1017 1683 iuro
1036 1618 1166 1683 saltem

67 1729 196 1791 externo
213 1743 319 1790 nemo
338 1742 475 1808 aequus
490 1743 561 1789 non
579 1741 780 1806 agnoscere
798 1725 985 1790 Ecclesiae
1005 1726 1090 1807 jura
1107 1724 1165 1788 de-

67 1831 145 1912 beat;
163 1833 335 1916 quidquid
354 1835 448 1898 enim
467 1833 513 1897 sit
530 1832 574 1896 de
591 1833 736 1896 interna
764 1833 859 1898 bona
890 1833 960 1898 fide
993 1833 1165 1899 dissiden-

68 1941 152 2022 tium,
170 1960 210 2006 ea
227 1945 328 2006 certe
347 1940 495 2024 probari
513 1941 739 2004 extrinsecus
758 1941 892 2005 nemini
905 1959 1020 2025 aequo
1034 1947 1165 2026 potest,

67 2047 144 2110 serio
160 2048 347 2131 perpensis
355 2041 513 2112 ‘motivis
529 2047 794 2129 credibilitatis,
815 2066 907 2130 quae
921 2067 987 2132 pro
1001 2049 1166 2114 Ecclesia

68 2155 226 2220 catholica
239 2155 410 2234 militant,
429 2155 608 2237 simulque
626 2154 775 2218 attentis
789 2160 891 2220 recta
904 2173 985 2220 cum
998 2157 1166 2222 volunta·

69 2263 394 2343 tenetisfalsitatis‚
429 2281 522 2346 quae
552 2262 716 2327 diversas
746 2266 877 2345 sectas,
898 2264 945 2328 ab
978 2263 1165 2329 Ecclesiae

68 2371 296 2437 cummunione
314 2370 526 2453 disjunctas,
542 2373 669 2453 aperte
682 2368 929 2465 distinguunt„

11 4169 13 4220 Γ
80 4187 214 4210 κ.

12 4337 13 4344 ¹
131 4326 162 4392 il)
191 4329 218 4383 ll
228 4331 265 4384 ad
278 4329 339 4385 Cor.
350 4347 411 4399 cap.
424 4332 474 4400 VI,
486 4347 512 4386 v.
527 4331 568 4385 ll.
