<?xml version="1.0" encoding="UTF-8"?>
<!DOCTYPE html PUBLIC "-//W3C//DTD XHTML 1.0 Transitional//EN"
    "http://www.w3.org/TR/xhtml1/DTD/xhtml1-transitional.dtd">
<html xmlns="http://www.w3.org/1999/xhtml" xml:lang="en" lang="en">
 <head>
  <title>
</title>
<meta http-equiv="Content-Type" content="text/html;charset=utf-8" />
  <meta name='ocr-system' content='tesseract 3.04.00' />
  <meta name='ocr-capabilities' content='ocr_page ocr_carea ocr_par ocr_line ocrx_word'/>
</head>
<body>
  <div class='ocr_page' id='page_1' title='image "./juspublicumeccl01ferngoog_0405.png"; bbox 0 0 3146 4980; ppageno 0'>
   <div class='ocr_carea' id='block_1_1' title="bbox 814 361 994 420">
    <p class='ocr_par' dir='ltr' id='par_1_1' title="bbox 814 361 994 420">
     <span class='ocr_line' id='line_1_1' title="bbox 814 361 994 420; baseline 0.011 -2"><span class='ocrx_word' id='word_1_1' title='bbox 814 361 994 420; x_wconf 83' lang='grc'>-386-</span> 
     </span>
    </p>
   </div>
   <div class='ocr_carea' id='block_1_2' title="bbox 252 502 1541 4314">
    <p class='ocr_par' dir='ltr' id='par_1_2' title="bbox 343 502 1459 909">
     <span class='ocr_line' id='line_1_2' title="bbox 344 502 1459 588; baseline 0 -18"><span class='ocrx_word' id='word_1_2' title='bbox 344 505 496 570; x_wconf 85' lang='lat' dir='ltr'>abusum</span> <span class='ocrx_word' id='word_1_3' title='bbox 509 523 531 568; x_wconf 91' lang='lat' dir='ltr'>a</span> <span class='ocrx_word' id='word_1_4' title='bbox 548 507 650 570; x_wconf 86' lang='lat' dir='ltr'>recta</span> <span class='ocrx_word' id='word_1_5' title='bbox 667 504 815 568; x_wconf 87' lang='lat' dir='ltr'>notione</span> <span class='ocrx_word' id='word_1_6' title='bbox 833 507 908 568; x_wconf 87' lang='lat' dir='ltr'>tum</span> <span class='ocrx_word' id='word_1_7' title='bbox 924 502 1126 585; x_wconf 80' lang='lat' dir='ltr'>Ecclesiae,</span> <span class='ocrx_word' id='word_1_8' title='bbox 1147 507 1220 570; x_wconf 84' lang='lat' dir='ltr'>tum</span> <span class='ocrx_word' id='word_1_9' title='bbox 1237 503 1359 570; x_wconf 86' lang='lat' dir='ltr'>Status</span> <span class='ocrx_word' id='word_1_10' title='bbox 1386 505 1459 588; x_wconf 89' lang='lat' dir='ltr'>pla·</span> 
     </span>
     <span class='ocr_line' id='line_1_3' title="bbox 343 609 1459 694; baseline -0.001 -16"><span class='ocrx_word' id='word_1_11' title='bbox 343 630 390 678; x_wconf 92' lang='lat' dir='ltr'>ne</span> <span class='ocrx_word' id='word_1_12' title='bbox 403 611 590 676; x_wconf 90' lang='lat' dir='ltr'>absonum.</span> <span class='ocrx_word' id='word_1_13' title='bbox 606 609 676 692; x_wconf 68' lang='lat' dir='ltr'>Sati</span> <span class='ocrx_word' id='word_1_14' title='bbox 690 611 849 676; x_wconf 86' lang='lat' dir='ltr'>muneris</span> <span class='ocrx_word' id='word_1_15' title='bbox 865 611 979 676; x_wconf 83' lang='lat' dir='ltr'><strong>nostri</strong></span> <span class='ocrx_word' id='word_1_16' title='bbox 994 612 1194 694; x_wconf 84' lang='lat' dir='ltr'>praecipue</span> <span class='ocrx_word' id='word_1_17' title='bbox 1205 629 1250 676; x_wconf 90' lang='lat' dir='ltr'>ac</span> <span class='ocrx_word' id='word_1_18' title='bbox 1266 629 1459 694; x_wconf 87' lang='lat' dir='ltr'>summope·</span> 
     </span>
     <span class='ocr_line' id='line_1_4' title="bbox 344 717 1459 802; baseline -0.003 -17"><span class='ocrx_word' id='word_1_19' title='bbox 344 738 383 786; x_wconf 93' lang='lat' dir='ltr'>re</span> <span class='ocrx_word' id='word_1_20' title='bbox 416 720 530 785; x_wconf 79' lang='lat' dir='ltr'>refert</span> <span class='ocrx_word' id='word_1_21' title='bbox 556 718 601 782; x_wconf 90' lang='lat' dir='ltr'>de</span> <span class='ocrx_word' id='word_1_22' title='bbox 627 717 834 800; x_wconf 83' lang='lat' dir='ltr'>Regalismo</span> <span class='ocrx_word' id='word_1_23' title='bbox 863 720 900 782; x_wconf 91' lang='lat' dir='ltr'>in</span> <span class='ocrx_word' id='word_1_24' title='bbox 932 720 1147 802; x_wconf 78' lang='lat' dir='ltr'>acceptione</span> <span class='ocrx_word' id='word_1_25' title='bbox 1187 719 1262 784; x_wconf 85' lang='lat' dir='ltr'>lato</span> <span class='ocrx_word' id='word_1_26' title='bbox 1287 726 1324 782; x_wconf 90' lang='lat' dir='ltr'>et</span> <span class='ocrx_word' id='word_1_27' title='bbox 1349 719 1459 784; x_wconf 80' lang='lat' dir='ltr'><strong>usuali</strong></span> 
     </span>
     <span class='ocr_line' id='line_1_5' title="bbox 343 825 957 909; baseline -0.007 -17"><span class='ocrx_word' id='word_1_28' title='bbox 343 833 518 909; x_wconf 89' lang='lat' dir='ltr'>usurpato</span> <span class='ocrx_word' id='word_1_29' title='bbox 532 842 734 892; x_wconf 90' lang='lat' dir='ltr'>sermonem</span> <span class='ocrx_word' id='word_1_30' title='bbox 752 825 957 890; x_wconf 82' lang='lat' dir='ltr'>instituere.</span> 
     </span>
    </p>

    <p class='ocr_par' dir='ltr' id='par_1_3' title="bbox 342 914 1458 2086">
     <span class='ocr_line' id='line_1_6' title="bbox 432 914 1457 1014; baseline -0.002 -16"><span class='ocrx_word' id='word_1_31' title='bbox 432 931 736 998; x_wconf 84' lang='lat' dir='ltr'>Denomi&#39;natione</span> <span class='ocrx_word' id='word_1_32' title='bbox 765 931 974 1014; x_wconf 82' lang='lat' dir='ltr'>Regalismi,</span> <span class='ocrx_word' id='word_1_33' title='bbox 1005 931 1113 1012; x_wconf 82' lang='lat' dir='ltr'>juxta</span> <span class='ocrx_word' id='word_1_34' title='bbox 1142 931 1266 997; x_wconf 88' lang='lat' dir='ltr'>tritum</span> <span class='ocrx_word' id='word_1_35' title='bbox 1295 914 1457 1014; x_wconf 82' lang='lat' dir='ltr'>loquentii</span> 
     </span>
     <span class='ocr_line' id='line_1_7' title="bbox 343 1037 1457 1122; baseline -0.001 -18"><span class='ocrx_word' id='word_1_36' title='bbox 343 1041 500 1118; x_wconf 91' lang='lat' dir='ltr'>modum,</span> <span class='ocrx_word' id='word_1_37' title='bbox 520 1037 731 1120; x_wconf 86' lang='lat' dir='ltr'>designatur</span> <span class='ocrx_word' id='word_1_38' title='bbox 748 1037 837 1102; x_wconf 87' lang='lat' dir='ltr'>illud</span> <span class='ocrx_word' id='word_1_39' title='bbox 853 1043 1029 1120; x_wconf 86' lang='lat' dir='ltr'>systema,</span> <span class='ocrx_word' id='word_1_40' title='bbox 1047 1056 1118 1120; x_wconf 90' lang='lat' dir='ltr'>quo</span> <span class='ocrx_word' id='word_1_41' title='bbox 1136 1039 1197 1104; x_wconf 87' lang='lat' dir='ltr'>vel</span> <span class='ocrx_word' id='word_1_42' title='bbox 1225 1039 1331 1103; x_wconf 89' lang='lat' dir='ltr'>titulo</span> <span class='ocrx_word' id='word_1_43' title='bbox 1352 1046 1457 1122; x_wconf 83' lang='lat' dir='ltr'>prote·</span> 
     </span>
     <span class='ocr_line' id='line_1_8' title="bbox 343 1143 1458 1231; baseline -0.004 -19"><span class='ocrx_word' id='word_1_44' title='bbox 343 1147 467 1213; x_wconf 81' lang='lat' dir='ltr'>ationis</span> <span class='ocrx_word' id='word_1_45' title='bbox 483 1144 722 1226; x_wconf 76' lang='lat' dir='ltr'>(Regalianus</span> <span class='ocrx_word' id='word_1_46' title='bbox 753 1143 965 1226; x_wconf 83' lang='lat' dir='ltr'>mitigatus),</span> <span class='ocrx_word' id='word_1_47' title='bbox 985 1145 1045 1210; x_wconf 85' lang='lat' dir='ltr'>vel</span> <span class='ocrx_word' id='word_1_48' title='bbox 1069 1145 1211 1226; x_wconf 87' lang='lat' dir='ltr'>jnrihus</span> <span class='ocrx_word' id='word_1_49' title='bbox 1239 1145 1458 1231; x_wconf 82' lang='lat' dir='ltr'>majestaticis</span> 
     </span>
     <span class='ocr_line' id='line_1_9' title="bbox 342 1250 1455 1336; baseline -0.003 -19"><span class='ocrx_word' id='word_1_50' title='bbox 342 1271 406 1318; x_wconf 88' lang='lat' dir='ltr'>sau</span> <span class='ocrx_word' id='word_1_51' title='bbox 424 1267 583 1316; x_wconf 88' lang='lat' dir='ltr'>coronae</span> <span class='ocrx_word' id='word_1_52' title='bbox 599 1251 742 1336; x_wconf 75' lang='lat' dir='ltr'>sepultis</span> <span class='ocrx_word' id='word_1_53' title='bbox 771 1251 952 1315; x_wconf 85' lang='lat' dir='ltr'>invocatis</span> <span class='ocrx_word' id='word_1_54' title='bbox 981 1250 1222 1332; x_wconf 85' lang='lat' dir='ltr'>(Regalismus</span> <span class='ocrx_word' id='word_1_55' title='bbox 1253 1252 1455 1332; x_wconf 87' lang='lat' dir='ltr'>exaltatus),</span> 
     </span>
     <span class='ocr_line' id='line_1_10' title="bbox 343 1355 1456 1442; baseline -0.003 -19"><span class='ocrx_word' id='word_1_56' title='bbox 343 1359 403 1424; x_wconf 90' lang='lat' dir='ltr'>vel</span> <span class='ocrx_word' id='word_1_57' title='bbox 416 1359 630 1442; x_wconf 84' lang='lat' dir='ltr'>supremutia</span> <span class='ocrx_word' id='word_1_58' title='bbox 643 1355 766 1422; x_wconf 87' lang='lat' dir='ltr'>Status</span> <span class='ocrx_word' id='word_1_59' title='bbox 783 1357 950 1422; x_wconf 87' lang='lat' dir='ltr'>absolute</span> <span class='ocrx_word' id='word_1_60' title='bbox 984 1358 1213 1440; x_wconf 88' lang='lat' dir='ltr'>proclamata</span> <span class='ocrx_word' id='word_1_61' title='bbox 1240 1357 1456 1441; x_wconf 74' lang='lat' dir='ltr'>(Ultrarega</span> 
     </span>
     <span class='ocr_line' id='line_1_11' title="bbox 342 1461 1456 1546; baseline -0.004 -15"><span class='ocrx_word' id='word_1_62' title='bbox 342 1466 543 1532; x_wconf 88' lang='lat' dir='ltr'>lismusaut</span> <span class='ocrx_word' id='word_1_63' title='bbox 560 1461 825 1543; x_wconf 83' lang='lat' dir='ltr'>Caesarismus)</span> <span class='ocrx_word' id='word_1_64' title='bbox 857 1463 1091 1546; x_wconf 82' lang='lat' dir='ltr'>restringitur</span> <span class='ocrx_word' id='word_1_65' title='bbox 1115 1471 1225 1546; x_wconf 86' lang='lat' dir='ltr'>atque</span> <span class='ocrx_word' id='word_1_66' title='bbox 1256 1469 1456 1530; x_wconf 85' lang='lat' dir='ltr'>coarctatur</span> 
     </span>
     <span class='ocr_line' id='line_1_12' title="bbox 342 1570 1454 1654; baseline -0.005 -15"><span class='ocrx_word' id='word_1_67' title='bbox 342 1572 530 1638; x_wconf 81' lang='lat' dir='ltr'>Ecclesiae</span> <span class='ocrx_word' id='word_1_68' title='bbox 542 1570 710 1635; x_wconf 84' lang='lat' dir='ltr'>Potestas</span> <span class='ocrx_word' id='word_1_69' title='bbox 730 1571 891 1636; x_wconf 86' lang='lat' dir='ltr'>theorice</span> <span class='ocrx_word' id='word_1_70' title='bbox 909 1570 969 1636; x_wconf 90' lang='lat' dir='ltr'>vel</span> <span class='ocrx_word' id='word_1_71' title='bbox 988 1571 1162 1654; x_wconf 87' lang='lat' dir='ltr'>practice,</span> <span class='ocrx_word' id='word_1_72' title='bbox 1181 1571 1319 1636; x_wconf 89' lang='lat' dir='ltr'>directe</span> <span class='ocrx_word' id='word_1_73' title='bbox 1335 1578 1372 1635; x_wconf 91' lang='lat' dir='ltr'>et</span> <span class='ocrx_word' id='word_1_74' title='bbox 1400 1587 1454 1634; x_wconf 87' lang='lat' dir='ltr'>cx-</span> 
     </span>
     <span class='ocr_line' id='line_1_13' title="bbox 342 1677 1454 1765; baseline -0.004 -20"><span class='ocrx_word' id='word_1_75' title='bbox 342 1681 467 1765; x_wconf 91' lang='lat' dir='ltr'>plioite</span> <span class='ocrx_word' id='word_1_76' title='bbox 484 1677 544 1744; x_wconf 89' lang='lat' dir='ltr'>vel</span> <span class='ocrx_word' id='word_1_77' title='bbox 562 1677 798 1744; x_wconf 86' lang='lat' dir='ltr'>indirecteac</span> <span class='ocrx_word' id='word_1_78' title='bbox 814 1677 1003 1760; x_wconf 83' lang='lat' dir='ltr'>implicite,</span> <span class='ocrx_word' id='word_1_79' title='bbox 1030 1679 1110 1742; x_wconf 84' lang='lat' dir='ltr'>sive</span> <span class='ocrx_word' id='word_1_80' title='bbox 1137 1677 1258 1760; x_wconf 84' lang='lat' dir='ltr'>quoad</span> <span class='ocrx_word' id='word_1_81' title='bbox 1284 1695 1350 1742; x_wconf 92' lang='lat' dir='ltr'>sua</span> <span class='ocrx_word' id='word_1_82' title='bbox 1376 1679 1454 1741; x_wconf 86' lang='lat' dir='ltr'>bono</span> 
     </span>
     <span class='ocr_line' id='line_1_14' title="bbox 343 1783 1455 1870; baseline -0.006 -18"><span class='ocrx_word' id='word_1_83' title='bbox 343 1787 692 1869; x_wconf 86' lang='lat' dir='ltr'>(Desamortizatio),</span> <span class='ocrx_word' id='word_1_84' title='bbox 712 1785 791 1850; x_wconf 87' lang='lat' dir='ltr'>sive</span> <span class='ocrx_word' id='word_1_85' title='bbox 809 1785 928 1867; x_wconf 87' lang='lat' dir='ltr'>quoad</span> <span class='ocrx_word' id='word_1_86' title='bbox 945 1802 1047 1850; x_wconf 90' lang='lat' dir='ltr'>suum</span> <span class='ocrx_word' id='word_1_87' title='bbox 1062 1785 1297 1870; x_wconf 79' lang='lat' dir='ltr'>mapisterium</span> <span class='ocrx_word' id='word_1_88' title='bbox 1314 1789 1351 1848; x_wconf 88' lang='lat' dir='ltr'>et</span> <span class='ocrx_word' id='word_1_89' title='bbox 1377 1783 1455 1846; x_wconf 90' lang='lat' dir='ltr'>libe·</span> 
     </span>
     <span class='ocr_line' id='line_1_15' title="bbox 342 1890 1454 1974; baseline -0.005 -16"><span class='ocrx_word' id='word_1_90' title='bbox 342 1911 420 1958; x_wconf 84' lang='lat' dir='ltr'>ram</span> <span class='ocrx_word' id='word_1_91' title='bbox 432 1894 774 1961; x_wconf 83' lang='lat' dir='ltr'>communicationem</span> <span class='ocrx_word' id='word_1_92' title='bbox 792 1890 983 1973; x_wconf 74' lang='lat' dir='ltr'>(Placitum</span> <span class='ocrx_word' id='word_1_93' title='bbox 1017 1890 1194 1974; x_wconf 82' lang='lat' dir='ltr'>Regium),</span> <span class='ocrx_word' id='word_1_94' title='bbox 1214 1891 1293 1956; x_wconf 88' lang='lat' dir='ltr'>sive</span> <span class='ocrx_word' id='word_1_95' title='bbox 1321 1890 1454 1954; x_wconf 84' lang='lat' dir='ltr'>demum</span> 
     </span>
     <span class='ocr_line' id='line_1_16' title="bbox 343 1987 1392 2086; baseline -0.005 -22"><span class='ocrx_word' id='word_1_96' title='bbox 343 2000 463 2084; x_wconf 88' lang='lat' dir='ltr'>quoad</span> <span class='ocrx_word' id='word_1_97' title='bbox 480 1987 582 2066; x_wconf 79' lang='lat' dir='ltr'>suam</span> <span class='ocrx_word' id='word_1_98' title='bbox 591 1999 875 2086; x_wconf 83' lang='lat' dir='ltr'>jurisdictionem</span> <span class='ocrx_word' id='word_1_99' title='bbox 892 1996 1183 2080; x_wconf 73' lang='lat' dir='ltr'>(appellationes</span> <span class='ocrx_word' id='word_1_100' title='bbox 1201 1998 1244 2064; x_wconf 88' lang='lat' dir='ltr'>uh</span> <span class='ocrx_word' id='word_1_101' title='bbox 1260 1998 1392 2074; x_wconf 81' lang='lat' dir='ltr'>abusu).</span> 
     </span>
    </p>

    <p class='ocr_par' dir='ltr' id='par_1_4' title="bbox 252 2103 1541 2718">
     <span class='ocr_line' id='line_1_17' title="bbox 429 2103 1541 2186; baseline -0.004 -14"><span class='ocrx_word' id='word_1_102' title='bbox 429 2107 506 2172; x_wconf 76' lang='lat'><strong>250.</strong></span> <span class='ocrx_word' id='word_1_103' title='bbox 555 2108 714 2172; x_wconf 82' lang='lat' dir='ltr'>Formae.</span> <span class='ocrx_word' id='word_1_104' title='bbox 734 2103 895 2170; x_wconf 75' lang='lat' dir='ltr'>Historia</span> <span class='ocrx_word' id='word_1_105' title='bbox 912 2103 1109 2186; x_wconf 87' lang='lat' dir='ltr'>Regalismi</span> <span class='ocrx_word' id='word_1_106' title='bbox 1135 2105 1172 2169; x_wconf 90' lang='lat' dir='ltr'>in</span> <span class='ocrx_word' id='word_1_107' title='bbox 1198 2109 1273 2170; x_wconf 90' lang='lat' dir='ltr'>tres</span> <span class='ocrx_word' id='word_1_108' title='bbox 1304 2103 1453 2186; x_wconf 89' lang='lat' dir='ltr'>epochas</span> <span class='ocrx_word' id='word_1_109' title='bbox 1540 2177 1541 2182; x_wconf 6' lang='grc' dir='ltr'>ἵ</span> 
     </span>
     <span class='ocr_line' id='line_1_18' title="bbox 341 2191 1541 2296; baseline -0.005 -17"><span class='ocrx_word' id='word_1_110' title='bbox 341 2219 442 2279; x_wconf 87' lang='lat' dir='ltr'>recte</span> <span class='ocrx_word' id='word_1_111' title='bbox 460 2213 618 2296; x_wconf 87' lang='lat' dir='ltr'>dispesci</span> <span class='ocrx_word' id='word_1_112' title='bbox 632 2216 766 2294; x_wconf 90' lang='lat' dir='ltr'>potest,</span> <span class='ocrx_word' id='word_1_113' title='bbox 784 2211 820 2274; x_wconf 92' lang='lat' dir='ltr'>in</span> <span class='ocrx_word' id='word_1_114' title='bbox 837 2209 967 2292; x_wconf 88' lang='lat' dir='ltr'>quihus</span> <span class='ocrx_word' id='word_1_115' title='bbox 983 2211 1106 2292; x_wconf 85' lang='lat' dir='ltr'>magni</span> <span class='ocrx_word' id='word_1_116' title='bbox 1125 2211 1279 2276; x_wconf 90' lang='lat' dir='ltr'>interest</span> <span class='ocrx_word' id='word_1_117' title='bbox 1291 2211 1452 2274; x_wconf 88' lang='lat' dir='ltr'>discrimi·</span> <span class='ocrx_word' id='word_1_118' title='bbox 1540 2191 1541 2266; x_wconf 74' lang='lat' dir='ltr'>j</span> 
     </span>
     <span class='ocr_line' id='line_1_19' title="bbox 341 2316 1450 2400; baseline -0.004 -16"><span class='ocrx_word' id='word_1_119' title='bbox 341 2337 431 2384; x_wconf 89' lang='lat' dir='ltr'>nare</span> <span class='ocrx_word' id='word_1_120' title='bbox 449 2319 712 2396; x_wconf 80' lang='lat' dir='ltr'>characterem,</span> <span class='ocrx_word' id='word_1_121' title='bbox 733 2318 887 2382; x_wconf 83' lang='lat' dir='ltr'>formam</span> <span class='ocrx_word' id='word_1_122' title='bbox 904 2323 1016 2400; x_wconf 88' lang='lat' dir='ltr'>atque</span> <span class='ocrx_word' id='word_1_123' title='bbox 1032 2316 1151 2382; x_wconf 85' lang='lat' dir='ltr'>media</span> <span class='ocrx_word' id='word_1_124' title='bbox 1182 2335 1248 2400; x_wconf 88' lang='lat' dir='ltr'>per</span> <span class='ocrx_word' id='word_1_125' title='bbox 1276 2317 1450 2398; x_wconf 86' lang='lat' dir='ltr'>Principes</span> 
     </span>
     <span class='ocr_line' id='line_1_20' title="bbox 341 2420 1451 2506; baseline -0.005 -16"><span class='ocrx_word' id='word_1_126' title='bbox 341 2425 403 2490; x_wconf 87' lang='lat' dir='ltr'>vel</span> <span class='ocrx_word' id='word_1_127' title='bbox 436 2424 621 2490; x_wconf 89' lang='lat' dir='ltr'>Gubernia</span> <span class='ocrx_word' id='word_1_128' title='bbox 658 2423 834 2506; x_wconf 87' lang='lat' dir='ltr'>adhibita,</span> <span class='ocrx_word' id='word_1_129' title='bbox 870 2425 991 2506; x_wconf 84' lang='lat' dir='ltr'>gratia</span> <span class='ocrx_word' id='word_1_130' title='bbox 1023 2424 1147 2490; x_wconf 87' lang='lat' dir='ltr'>tuendi</span> <span class='ocrx_word' id='word_1_131' title='bbox 1176 2441 1220 2496; x_wconf 84' lang='lat' dir='ltr'>ac</span> <span class='ocrx_word' id='word_1_132' title='bbox 1253 2420 1451 2490; x_wconf 87' lang='lat' dir='ltr'>vindicandi</span> 
     </span>
     <span class='ocr_line' id='line_1_21' title="bbox 252 2530 1451 2616; baseline -0.003 -19"><span class='ocrx_word' id='word_1_133' title='bbox 252 2589 256 2597; x_wconf 93' lang='lat'>.</span> <span class='ocrx_word' id='word_1_134' title='bbox 341 2538 556 2614; x_wconf 77' lang='lat' dir='ltr'>praetensae</span> <span class='ocrx_word' id='word_1_135' title='bbox 574 2530 740 2598; x_wconf 82' lang='lat' dir='ltr'>Coronae</span> <span class='ocrx_word' id='word_1_136' title='bbox 755 2532 909 2616; x_wconf 81' lang='lat' dir='ltr'>repolius</span> <span class='ocrx_word' id='word_1_137' title='bbox 925 2536 1054 2596; x_wconf 82' lang='lat' dir='ltr'>contra</span> <span class='ocrx_word' id='word_1_138' title='bbox 1070 2541 1309 2596; x_wconf 89' lang='lat' dir='ltr'>sacrosancta</span> <span class='ocrx_word' id='word_1_139' title='bbox 1338 2530 1451 2596; x_wconf 90' lang='lat' dir='ltr'>Eccle-</span> 
     </span>
     <span class='ocr_line' id='line_1_22' title="bbox 340 2636 527 2718; baseline -0.011 -16"><span class='ocrx_word' id='word_1_140' title='bbox 340 2636 418 2702; x_wconf 88' lang='lat' dir='ltr'>siae</span> <span class='ocrx_word' id='word_1_141' title='bbox 430 2637 527 2718; x_wconf 85' lang='lat' dir='ltr'>jura.</span> 
     </span>
    </p>

    <p class='ocr_par' dir='ltr' id='par_1_5' title="bbox 340 2737 1452 3128">
     <span class='ocr_line' id='line_1_23' title="bbox 431 2737 1451 2828; baseline -0.003 -20"><span class='ocrx_word' id='word_1_142' title='bbox 431 2743 483 2809; x_wconf 81' lang='lat'>1.·</span> <span class='ocrx_word' id='word_1_143' title='bbox 528 2742 677 2827; x_wconf 90' lang='lat' dir='ltr'>Epocha</span> <span class='ocrx_word' id='word_1_144' title='bbox 696 2747 807 2824; x_wconf 87' lang='lat' dir='ltr'>(saec.</span> <span class='ocrx_word' id='word_1_145' title='bbox 826 2743 925 2823; x_wconf 88' lang='lat' dir='ltr'>XVI)</span> <span class='ocrx_word' id='word_1_146' title='bbox 943 2744 1182 2809; x_wconf 80' lang='lat' dir='ltr'>submissionis</span> <span class='ocrx_word' id='word_1_147' title='bbox 1198 2737 1325 2810; x_wconf 86' lang='lat' dir='ltr'>vocari</span> <span class='ocrx_word' id='word_1_148' title='bbox 1344 2751 1451 2828; x_wconf 87' lang='lat' dir='ltr'>potest</span> 
     </span>
     <span class='ocr_line' id='line_1_24' title="bbox 340 2848 1452 2933; baseline 0 -17"><span class='ocrx_word' id='word_1_149' title='bbox 340 2852 463 2933; x_wconf 73' lang='lat' dir='ltr'>-eJ’us</span> <span class='ocrx_word' id='word_1_150' title='bbox 482 2851 673 2916; x_wconf 86' lang='lat' dir='ltr'>character</span> <span class='ocrx_word' id='word_1_151' title='bbox 701 2850 846 2914; x_wconf 87' lang='lat' dir='ltr'>sincere</span> <span class='ocrx_word' id='word_1_152' title='bbox 863 2848 946 2914; x_wconf 88' lang='lat' dir='ltr'>Sodi</span> <span class='ocrx_word' id='word_1_153' title='bbox 964 2849 1200 2930; x_wconf 85' lang='lat' dir='ltr'>Apostolicae</span> <span class='ocrx_word' id='word_1_154' title='bbox 1226 2852 1452 2916; x_wconf 83' lang='lat' dir='ltr'>obedientia-</span> 
     </span>
     <span class='ocr_line' id='line_1_25' title="bbox 341 2954 1451 3040; baseline 0 -20"><span class='ocrx_word' id='word_1_155' title='bbox 341 2958 458 3022; x_wconf 82' lang='lat' dir='ltr'>forma</span> <span class='ocrx_word' id='word_1_156' title='bbox 471 2954 837 3040; x_wconf 79' lang='lat' dir='ltr'>obsequiosa-media</span> <span class='ocrx_word' id='word_1_157' title='bbox 853 2955 1032 3037; x_wconf 82' lang='lat' dir='ltr'>suaviora,</span> <span class='ocrx_word' id='word_1_158' title='bbox 1050 2955 1211 3038; x_wconf 79' lang='lat' dir='ltr'>henigne</span> <span class='ocrx_word' id='word_1_159' title='bbox 1234 2963 1343 3040; x_wconf 87' lang='lat' dir='ltr'>atque</span> <span class='ocrx_word' id='word_1_160' title='bbox 1372 2957 1451 3022; x_wconf 88' lang='lat' dir='ltr'>indi·</span> 
     </span>
     <span class='ocr_line' id='line_1_26' title="bbox 341 3077 455 3128; baseline 0 -2"><span class='ocrx_word' id='word_1_161' title='bbox 341 3077 455 3128; x_wconf 87' lang='lat' dir='ltr'>recta.</span> 
     </span>
    </p>

    <p class='ocr_par' dir='ltr' id='par_1_6' title="bbox 339 3167 1539 3674">
     <span class='ocr_line' id='line_1_27' title="bbox 429 3167 1539 3252; baseline -0.004 -20"><span class='ocrx_word' id='word_1_162' title='bbox 429 3167 483 3232; x_wconf 61' lang='grc'>2.*</span> <span class='ocrx_word' id='word_1_163' title='bbox 528 3167 677 3250; x_wconf 89' lang='lat' dir='ltr'>Epocha</span> <span class='ocrx_word' id='word_1_164' title='bbox 696 3169 806 3249; x_wconf 89' lang='lat' dir='ltr'>(saec.</span> <span class='ocrx_word' id='word_1_165' title='bbox 826 3167 944 3248; x_wconf 89' lang='lat' dir='ltr'>XVII)</span> <span class='ocrx_word' id='word_1_166' title='bbox 969 3170 1105 3252; x_wconf 87' lang='lat' dir='ltr'>optime</span> <span class='ocrx_word' id='word_1_167' title='bbox 1135 3171 1338 3252; x_wconf 86' lang='lat' dir='ltr'>nuncupari</span> <span class='ocrx_word' id='word_1_168' title='bbox 1360 3169 1453 3234; x_wconf 86' lang='lat' dir='ltr'>valet</span> <span class='ocrx_word' id='word_1_169' title='bbox 1538 3223 1539 3228; x_wconf 75' lang='grc'>,</span> 
     </span>
     <span class='ocr_line' id='line_1_28' title="bbox 340 3273 1452 3360; baseline 0.001 -22"><span class='ocrx_word' id='word_1_170' title='bbox 340 3275 546 3339; x_wconf 77' lang='lat' dir='ltr'>intrusionis</span> <span class='ocrx_word' id='word_1_171' title='bbox 562 3291 626 3338; x_wconf 84' lang='lat' dir='ltr'>seu</span> <span class='ocrx_word' id='word_1_172' title='bbox 642 3275 895 3358; x_wconf 78' lang='lat' dir='ltr'>usurpationis,</span> <span class='ocrx_word' id='word_1_173' title='bbox 914 3273 1001 3340; x_wconf 85' lang='lat' dir='ltr'>licet</span> <span class='ocrx_word' id='word_1_174' title='bbox 1017 3275 1140 3358; x_wconf 88' lang='lat' dir='ltr'>specie</span> <span class='ocrx_word' id='word_1_175' title='bbox 1169 3276 1263 3358; x_wconf 89' lang='lat' dir='ltr'>juris</span> <span class='ocrx_word' id='word_1_176' title='bbox 1288 3276 1452 3360; x_wconf 81' lang='lat' dir='ltr'>palliatae</span> 
     </span>
     <span class='ocr_line' id='line_1_29' title="bbox 339 3380 1451 3464; baseline 0 -18"><span class='ocrx_word' id='word_1_177' title='bbox 339 3382 577 3446; x_wconf 84' lang='lat' dir='ltr'>—oharacter</span> <span class='ocrx_word' id='word_1_178' title='bbox 591 3381 797 3464; x_wconf 82' lang='lat' dir='ltr'>hiprocrisis</span> <span class='ocrx_word' id='word_1_179' title='bbox 814 3398 858 3446; x_wconf 88' lang='lat' dir='ltr'>ac</span> <span class='ocrx_word' id='word_1_180' title='bbox 886 3380 1150 3448; x_wconf 83' lang='lat' dir='ltr'>dolus—forma</span> <span class='ocrx_word' id='word_1_181' title='bbox 1173 3385 1451 3451; x_wconf 84' lang='lat' dir='ltr'>insidioso-me·</span> 
     </span>
     <span class='ocr_line' id='line_1_30' title="bbox 340 3486 1451 3574; baseline -0.002 -21"><span class='ocrx_word' id='word_1_182' title='bbox 340 3490 400 3553; x_wconf 87' lang='lat' dir='ltr'>dia</span> <span class='ocrx_word' id='word_1_183' title='bbox 417 3509 555 3574; x_wconf 80' lang='lat' dir='ltr'>aspero,</span> <span class='ocrx_word' id='word_1_184' title='bbox 575 3486 757 3568; x_wconf 88' lang='lat' dir='ltr'>crudiora,</span> <span class='ocrx_word' id='word_1_185' title='bbox 776 3486 965 3552; x_wconf 80' lang='lat' dir='ltr'>Ecclesiae</span> <span class='ocrx_word' id='word_1_186' title='bbox 981 3487 1144 3554; x_wconf 88' lang='lat' dir='ltr'>libertati</span> <span class='ocrx_word' id='word_1_187' title='bbox 1160 3494 1197 3554; x_wconf 90' lang='lat' dir='ltr'>et</span> <span class='ocrx_word' id='word_1_188' title='bbox 1218 3489 1451 3573; x_wconf 88' lang='lat' dir='ltr'>independen·</span> 
     </span>
     <span class='ocr_line' id='line_1_31' title="bbox 340 3593 770 3674; baseline -0.009 -14"><span class='ocrx_word' id='word_1_189' title='bbox 340 3596 414 3662; x_wconf 88' lang='lat' dir='ltr'>tiae</span> <span class='ocrx_word' id='word_1_190' title='bbox 427 3594 565 3660; x_wconf 89' lang='lat' dir='ltr'>directe</span> <span class='ocrx_word' id='word_1_191' title='bbox 581 3593 770 3674; x_wconf 87' lang='lat' dir='ltr'>injuriosa.</span> 
     </span>
    </p>

    <p class='ocr_par' dir='ltr' id='par_1_7' title="bbox 326 3699 1538 4314">
     <span class='ocr_line' id='line_1_32' title="bbox 429 3699 1538 3786; baseline -0.002 -20"><span class='ocrx_word' id='word_1_192' title='bbox 429 3703 482 3766; x_wconf 79' lang='lat'>3.·</span> <span class='ocrx_word' id='word_1_193' title='bbox 527 3701 677 3784; x_wconf 88' lang='lat' dir='ltr'>Epocha</span> <span class='ocrx_word' id='word_1_194' title='bbox 689 3700 800 3784; x_wconf 88' lang='lat' dir='ltr'>(saec.</span> <span class='ocrx_word' id='word_1_195' title='bbox 815 3699 981 3766; x_wconf 91' lang='lat' dir='ltr'>XVIllet</span> <span class='ocrx_word' id='word_1_196' title='bbox 993 3699 1096 3781; x_wconf 86' lang='lat' dir='ltr'>XIX)</span> <span class='ocrx_word' id='word_1_197' title='bbox 1108 3704 1290 3786; x_wconf 85' lang='lat' dir='ltr'>appellari</span> <span class='ocrx_word' id='word_1_198' title='bbox 1303 3708 1452 3770; x_wconf 88' lang='lat' dir='ltr'>meretur</span> <span class='ocrx_word' id='word_1_199' title='bbox 1537 3781 1538 3784; x_wconf 8' lang='grc' dir='ltr'><strong>Ἴ</strong></span> 
     </span>
     <span class='ocr_line' id='line_1_33' title="bbox 337 3791 1538 3894; baseline -0.005 -19"><span class='ocrx_word' id='word_1_200' title='bbox 337 3805 826 3892; x_wconf 82' lang='lat' dir='ltr'>persecutionis—character</span> <span class='ocrx_word' id='word_1_201' title='bbox 861 3809 1022 3892; x_wconf 77' lang='lat' dir='ltr'>tyrannis</span> <span class='ocrx_word' id='word_1_202' title='bbox 1058 3811 1095 3874; x_wconf 88' lang='lat' dir='ltr'>et</span> <span class='ocrx_word' id='word_1_203' title='bbox 1118 3810 1452 3894; x_wconf 77' lang='lat' dir='ltr'>oppressio-forna</span> <span class='ocrx_word' id='word_1_204' title='bbox 1537 3791 1538 3804; x_wconf 44' lang='lat'><em>*</em></span> 
     </span>
     <span class='ocr_line' id='line_1_34' title="bbox 339 3911 1452 3999; baseline -0.001 -20"><span class='ocrx_word' id='word_1_205' title='bbox 339 3915 518 3980; x_wconf 81' lang='lat' dir='ltr'>declarata</span> <span class='ocrx_word' id='word_1_206' title='bbox 531 3931 595 3978; x_wconf 90' lang='lat' dir='ltr'>seu</span> <span class='ocrx_word' id='word_1_207' title='bbox 613 3917 739 3994; x_wconf 86' lang='lat' dir='ltr'>aperte</span> <span class='ocrx_word' id='word_1_208' title='bbox 771 3911 1073 3979; x_wconf 78' lang='lat' dir='ltr'>hostilis—medis</span> <span class='ocrx_word' id='word_1_209' title='bbox 1101 3915 1265 3999; x_wconf 82' lang='lat' dir='ltr'>uiolento,</span> <span class='ocrx_word' id='word_1_210' title='bbox 1279 3917 1452 3982; x_wconf 80' lang='lat' dir='ltr'>ferociora</span> 
     </span>
     <span class='ocr_line' id='line_1_35' title="bbox 340 4017 1452 4106; baseline 0.004 -24"><span class='ocrx_word' id='word_1_211' title='bbox 340 4023 376 4082; x_wconf 90' lang='lat' dir='ltr'>et</span> <span class='ocrx_word' id='word_1_212' title='bbox 392 4021 527 4100; x_wconf 90' lang='lat' dir='ltr'>passim</span> <span class='ocrx_word' id='word_1_213' title='bbox 539 4017 768 4100; x_wconf 87' lang='lat' dir='ltr'>saevissima,</span> <span class='ocrx_word' id='word_1_214' title='bbox 787 4017 988 4096; x_wconf 83' lang='lat' dir='ltr'>cujusmodi</span> <span class='ocrx_word' id='word_1_215' title='bbox 1012 4019 1193 4088; x_wconf 88' lang='lat' dir='ltr'>hahentur</span> <span class='ocrx_word' id='word_1_216' title='bbox 1209 4027 1248 4088; x_wconf 90' lang='lat' dir='ltr'>ut</span> <span class='ocrx_word' id='word_1_217' title='bbox 1267 4023 1452 4106; x_wconf 87' lang='lat' dir='ltr'>plurimum</span> 
     </span>
     <span class='ocr_line' id='line_1_36' title="bbox 339 4125 1451 4212; baseline 0.003 -25"><span class='ocrx_word' id='word_1_218' title='bbox 339 4125 529 4192; x_wconf 84' lang='lat' dir='ltr'>incantatio</span> <span class='ocrx_word' id='word_1_219' title='bbox 545 4141 622 4208; x_wconf 88' lang='lat' dir='ltr'>seu,</span> <span class='ocrx_word' id='word_1_220' title='bbox 638 4139 727 4188; x_wconf 88' lang='lat' dir='ltr'>vere</span> <span class='ocrx_word' id='word_1_221' title='bbox 740 4126 777 4186; x_wconf 89' lang='lat' dir='ltr'>et</span> <span class='ocrx_word' id='word_1_222' title='bbox 794 4125 942 4205; x_wconf 89' lang='lat' dir='ltr'>proprie</span> <span class='ocrx_word' id='word_1_223' title='bbox 957 4126 1153 4212; x_wconf 85' lang='lat' dir='ltr'>loquendo,</span> <span class='ocrx_word' id='word_1_224' title='bbox 1171 4128 1363 4212; x_wconf 84' lang='lat' dir='ltr'>praedatio</span> <span class='ocrx_word' id='word_1_225' title='bbox 1395 4129 1451 4194; x_wconf 92' lang='lat' dir='ltr'>ini·</span> 
     </span>
     <span class='ocr_line' id='line_1_37' title="bbox 326 4227 1452 4314; baseline 0.007 -22"><span class='ocrx_word' id='word_1_226' title='bbox 326 4246 410 4312; x_wconf 51' lang='lat' dir='ltr'>,qua</span> <span class='ocrx_word' id='word_1_227' title='bbox 429 4234 465 4294; x_wconf 90' lang='lat' dir='ltr'>et</span> <span class='ocrx_word' id='word_1_228' title='bbox 481 4233 665 4314; x_wconf 78' lang='lat' dir='ltr'>sacrilega</span> <span class='ocrx_word' id='word_1_229' title='bbox 677 4227 897 4311; x_wconf 86' lang='lat' dir='ltr'>exspoliatio</span> <span class='ocrx_word' id='word_1_230' title='bbox 914 4231 1090 4300; x_wconf 89' lang='lat' dir='ltr'>honorum</span> <span class='ocrx_word' id='word_1_231' title='bbox 1104 4235 1263 4304; x_wconf 88' lang='lat' dir='ltr'>omnium</span> <span class='ocrx_word' id='word_1_232' title='bbox 1279 4235 1452 4304; x_wconf 85' lang='lat' dir='ltr'>adEccle·</span> 
     </span>
    </p>
   </div>
   <div class='ocr_carea' id='block_1_3' title="bbox 0 0 1578 4980">
    <p class='ocr_par' dir='ltr' id='par_1_8' title="bbox 0 0 1578 4980">
     <span class='ocr_line' id='line_1_38' title="bbox 0 0 1578 4980; baseline 0 1"><span class='ocrx_word' id='word_1_233' title='bbox 0 0 1578 4980; x_wconf 95' lang='lat' dir='ltr'> </span> 
     </span>
    </p>
   </div>
  </div>
 </body>
</html>
