3030 4990
821 433 997 492 ..130-

350 579 529 663 quatenus
548 595 618 643 non
636 579 719 642 sunt
734 576 886 662 cogendi
904 575 952 642 ad
968 577 1231 660 professionem
1249 577 1465 642 christianae

350 685 538 769 religionis
550 684 616 767 illi,
633 685 693 768 qul
707 703 787 750 eam
802 684 958 751 nondum
973 685 1134 767 amplexi
1147 687 1243 766 sunt,
1258 685 1296 749 in
1310 684 1377 749 hoc
1390 701 1465 748 sen-

351 811 405 876 su,
425 815 531 875 conc.,·
549 795 727 876 quatenus
758 791 946 857 christiani
973 793 1142 858 suasione
1171 795 1310 856 tantum
1339 795 1375 856 et
1398 809 1464 855 uon

349 900 477 985 poenis
494 904 645 984 possunt
661 899 831 982 compelli
849 898 895 963 ed
914 916 959 964 aa
977 899 1099 964 cilicia
1115 897 1360 982 adimplenda,
1377 915 1464 981 quae

347 1009 424 1092 jam
437 1011 640 1091 agnoscunt
653 1011 689 1072 et
702 1010 833 1090 sponte
846 1011 1098 1090 susceperunt,
1113 1006 1149 1072 in
1162 1006 1232 1072 hoc
1244 1023 1364 1088 sensu,
1378 1027 1465 1092 nepo.

441 1113 496 1180 Ad
524 1113 721 1179 secundam
753 1113 1006 1197 probationem
1031 1114 1130 1198 ‚quod
1159 1113 1301 1196 attinet,
1327 1131 1463 1195 nempe,

351 1221 517 1305 improba
529 1221 786 1305 atqueinjusta
797 1219 942 1286 videtur
954 1221 1164 1303 dominatio,
1181 1237 1274 1304 quae
1284 1237 1349 1303 per
1360 1223 1465 1284 terro·

351 1347 428 1396 rem
445 1333 483 1394 et
498 1339 571 1393 non
595 1346 662 1413 per
686 1327 888 1394 doctrinam
907 1335 1112 1408 exercetur,
1131 1346 1213 1393 cum
1230 1327 1275 1392 Ι).
1294 1327 1464 1409 Agustino

351 1438 388 1504 in
405 1437 486 1502 loco
512 1437 624 1502 citato
642 1436 723 1502 dist:
740 1435 907 1516 improba
935 1435 1038 1518 quasi
1057 1433 1254 1500 dominatio
1271 1433 1462 1512 videretur,

351 1543 382 1608 si
399 1541 562 1608 homines
580 1543 806 1608 terrerentur
820 1546 856 1607 et
870 1559 941 1606 non
955 1543 1061 1608 simul
1074 1542 1306 1624 docerentur,
1321 1561 1426 1623 conc.;
1439 1542 1464 1604 si

351 1651 518 1718 doctrina
534 1651 718 1734 salutaris,
739 1649 788 1714 uti
812 1649 852 1715 iit
869 1650 914 1714 ah
940 1649 1107 1715 Ecclesia
1124 1649 1318 1732 catholica,
1340 1649 1465 1714 terrori

352 1760 431 1824 utili
449 1759 722 1841 adjungeretur,
743 1777 836 1844 nepo.

442 1862 585 1947 Obiect.
604 1863 658 1929 3.·
703 1863 870 1930 Ecclesia
883 1862 950 1928 sihi
969 1863 1187 1928 contradicit
1205 1869 1241 1928 et
1254 1863 1390 1947 duplici
1407 1865 1464 1928 uti-

353 1974 411 2036 tur
429 1988 611 2052 mensura,
627 1988 708 2036 cum
721 1971 757 2036 in
776 1969 880 2036 Statu
898 1970 1078 2035 catholico
1094 1970 1223 2036 thesim
1237 1972 1464 2054 protectionis

353 2079 480 2142 contra
497 2075 741 2142 heterodoxos
767 2079 903 2160 teneat,
925 2078 1130 2142 libertatem
1149 2079 1319 2161 rejiciens
1337 2086 1374 2144 et
1390 2098 1463 2145 con-

353 2183 514 2249 cordiam
532 2199 596 2248 seu
622 2183 916 2266 conjunctionem
941 2203 1021 2250 cum
1039 2185 1196 2268 Imperio
1222 2185 1416 2268 sustinens:
1433 2187 1464 2250 in

353 2289 456 2358 Statu
488 2307 577 2356 vero
610 2290 815 2357 acatholico
848 2292 1012 2358 eamdem
1045 2291 1239 2358 veritatem
1276 2300 1402 2358 contra
1431 2311 1465 2358 sa

352 2399 504 2483 respuit,
516 2398 786 2483 separationem
798 2419 819 2463 a
833 2399 1033 2483 Republica
1048 2400 1265 2484 praedicans
1278 2407 1315 2466 et
1326 2402 1464 2467 liberta·

354 2513 427 2574 tem
439 2507 651 2591 implorans.

443 2615 550 2701 Resp.
599 2615 766 2681 Ecclesia
776 2617 912 2700 duplici
926 2618 1036 2682 utitur
1049 2633 1228 2701 mensura,
1239 2617 1330 2684 diat:
1344 2618 1393 2682 ita
1406 2617 1461 2682 sci·

353 2722 439 2790 licet
456 2727 495 2788 ut
511 2722 744 2789 heterodoxis
763 2728 872 2808 neget
889 2724 1085 2809 quidquam
1100 2725 1178 2790 veri
1192 2725 1297 2808 juris,
1313 2725 1408 2809 quod
1419 2724 1464 2788 eis

353 2833 548 2915 competat,
568 2829 652 2895 dum
669 2829 760 2895 illud
776 2831 846 2896 sibi
863 2832 1039 2914 vindicat,
1054 2854 1152 2918 naqa
1165 2833 1217 2897 ita
1233 2838 1272 2897 ut
1290 2838 1398 2916 neget
1413 2831 1463 2897 he·

354 2939 550 3021 terodoxis,
570 2941 696 3021 utpote
714 2937 750 3001 in
768 2955 893 3004 errore
910 2940 1127 3022 constitutis,
1148 2939 1244 3022 quod
1269 2944 1323 3005 est
1337 2941 1396 3023 jus
1411 2957 1463 3003 er·
1510 2979 1511 2992 ,

354 3046 532 3112 clusinum
549 3045 716 3110 veritatis
734 3049 844 3130 atque
869 3047 984 3111 errori
1009 3047 1362 3130 incommunicabile,
1382 3065 1462 3113 conc.

354 3152 507 3220 Brevius
525 3154 621 3216 esset
636 3171 762 3238 aspare
786 3155 1012 3238 suppositum,
1031 3155 1165 3237 quippe
1192 3155 1229 3219 in
1246 3154 1361 3220 allata
1377 3154 1462 3236 obje-
1509 3177 1510 3236 3

354 3261 474 3327 ctione
491 3261 707 3344 supponitur
724 3262 846 3342 errori,
865 3263 994 3327 saltem
1024 3263 1055 3327 si
1079 3262 1190 3328 talem
1207 3281 1246 3328 sa
1264 3281 1336 3328 non
1354 3260 1462 3328 existi·
1509 3257 1510 3262 ’

353 3371 441 3449 met,
461 3365 587 3432 eadem
601 3368 687 3449 jura
703 3373 924 3450 competere,
944 3385 988 3434 ac
1005 3370 1157 3450 ceritati,
1178 3368 1274 3451 quod
1302 3368 1392 3434 adeo
1407 3366 1463 3430 ial·

354 3493 431 3542 sum
450 3478 517 3556 est,
537 3479 574 3538 ut
591 3475 621 3539 si
638 3475 718 3558 quis
746 3473 884 3554 diceret
902 3477 1118 3560 amentibus,
1138 3477 1266 3542 saltem
1284 3493 1365 3543 cum
1381 3475 1462 3540 tales

353 3601 393 3648 se
410 3601 482 3648 non
506 3581 729 3663 existimant,
749 3582 876 3648 eadem
897 3584 982 3666 jura
1007 3587 1228 3667 competere,
1247 3603 1342 3669 quae
1366 3592 1462 3650 mente
1508 3613 1509 3632 r

353 3691 461 3757 sanis.

443 3797 493 3862 Ut
509 3802 625 3862 status
650 3799 873 3882 quaestionis
891 3798 1019 3863 melius
1037 3798 1283 3882 dignoscatur,
1298 3797 1460 3882 ejusmodi

353 3923 413 3970 res
428 3905 495 3970 suh
514 3905 650 3988 triplici
666 3911 835 3989 respectu
853 3906 1014 3988 spectari
1032 3905 1150 3971 dehet:
1168 3906 1218 3973 1.⁰
1233 3908 1271 3972 in
1288 3907 1411 3973 ordine
1423 3903 1462 3968 ad

354 4011 563 4095 Ecclesiam,-
581 4013 633 4078 2.⁰
659 4013 775 4078 relate
804 4013 850 4078 ad
878 4023 1034 4080 errantes
1052 4033 1115 4079 seu
1142 4015 1394 4096 heterodoxos
1418 4011 1461 4076 a⁰

355 4118 475 4204 quoad
490 4141 563 4184 rem
580 4121 704 4205 ipsum,
719 4119 836 4202 qualis
854 4138 876 4184 a
894 4121 1063 4204 quopiam
1081 4125 1256 4188 extraneo
1278 4117 1461 4204 jndicanda

354 4227 436 4291 erit.
458 4225 512 4290 Ad
543 4226 735 4292 Ecclesiam
751 4226 847 4309 qrrod
864 4227 1006 4310 attinet,
1026 4245 1070 4292 ea
1097 4232 1199 4294 certa
1227 4233 1282 4293 est
1306 4247 1375 4294 non
1397 4231 1459 4290 tum

356 4335 524 4420 opinione
553 4335 714 4420 propria,
735 4353 842 4419 quam
871 4335 1003 4402 divinis
1032 4337 1260 4420 testimoniis,
1279 4337 1316 4404 in
1340 4353 1377 4402 ss
1399 4347 1459 4397 una
