3030 4990
788 398 964 456 -164-

313 546 413 611 facta
430 561 496 628 per
524 541 667 609 modum
680 541 912 625 obligationis
930 543 975 607 ab
993 561 1035 608 eo
1054 543 1114 626 qui
1139 531 1355 608 auctoritate
1380 559 1432 606 eo-

313 653 399 720 ciali
417 653 564 736 potitur:
581 649 735 715 diximus
748 653 850 715 rocta
864 667 927 714 seu
939 651 1122 716 sufficiens
1151 650 1367 733 significatio
1381 667 1432 715 re·

313 757 434 844 gulae,
453 757 551 840 quita,
572 759 610 820 ut
626 755 869 838 promulgatio
888 755 979 838 legis
995 756 1065 821 rite
1082 757 1181 820 facta
1199 761 1235 821 et
1253 757 1433 820 sufficiens

314 866 510 947 habeatur,
530 863 600 928 duo
620 863 800 928 communi
816 862 958 928 calculo
975 863 1220 946 requiruntur:
1241 863 1292 928 1.⁰
1322 863 1433 947 publi·

315 973 496 1038 cationem
515 971 606 1053 legis
620 971 673 1034 ita
685 970 776 1052 fieri,
796 975 835 1034 ut
851 970 929 1051 ejus
946 971 1076 1034 notitia
1093 971 1287 1053 pervenire
1301 969 1346 1035 ad
1364 989 1432 1035 om-

315 1098 378 1146 nes
406 1080 587 1146 moraliter
615 1079 741 1161 possit3
772 1077 824 1142 2.⁰
849 1079 1002 1161 primani
1032 1079 1124 1162 legis
1152 1079 1432 1161 propositionem

318 1187 548 1253 authenticam
562 1203 656 1266 essa,
674 1184 742 1249 hoc
756 1187 822 1268 est,
841 1185 893 1249 ita
911 1188 1111 1268 peractam,
1131 1191 1170 1250 ut
1187 1186 1345 1250 dubitari
1375 1203 1430 1250 ne·

315 1299 426 1379 queat
444 1311 525 1359 eam
542 1293 588 1357 ab
606 1293 668 1356 illo
682 1293 872 1376 prodiisse,
892 1293 929 1358 in
957 1311 1027 1376 quo
1056 1293 1243 1359 societatis
1275 1298 1444 1376 potestas,

314 1403 462 1484 residet;
484 1399 547 1466 sed
565 1400 664 1466 nullo
685 1399 789 1464 modo
808 1400 935 1466 eadem
954 1399 1112 1466 conditio
1143 1419 1164 1465 a
1182 1403 1432 1487 propagatione

315 1511 375 1576 vel
393 1511 429 1575 in
441 1509 694 1596 propagatione
713 1508 861 1591 exposci
881 1507 999 1574 debet.

407 1617 461 1682 Ex
481 1616 549 1682 hoc
568 1615 703 1698 duplici
722 1615 812 1698 legis
827 1623 1004 1700 conceptu
1020 1621 1093 1682 tum
1106 1619 1347 1701 materialiter,
1361 1622 1431 1682 trtm

313 1725 512 1811 formaliter
534 1727 700 1806 sumptae
719 1729 845 1806 aperte
877 1725 992 1808 liquet
1025 1742 1288 1808 quamcumque
1320 1725 1432 1808 legem

315 1833 452 1899 nullam
470 1849 551 1896 esse
569 1849 675 1914 posse
693 1833 754 1898 vel
769 1854 812 1898 ea
828 1833 961 1918 defecta
975 1835 1152 1916 materiae,
1172 1833 1202 1899 si
1219 1835 1431 1917 regulapro·
1474 1862 1478 1870 ·

314 1940 435 2026 posita
447 1940 683 2005 alterutraex
697 1939 894 2022 praedictis
907 1939 1157 2024 qualitatibus,
1186 1941 1302 2017 idest,
1329 1941 1430 2004 hone·
1499 2017 1500 2036 χ

316 2053 410 2112 state
428 2048 488 2112 vel
507 2047 710 2129 aptitudine
727 2046 952 2112 conducendi
967 2047 1133 2112 adfinem
1163 2048 1354 2113 manifeste
1378 2065 1430 2112 ca-

315 2161 410 2237 rcat;
428 2155 490 2221 vel
505 2176 548 2221 ec
561 2155 695 2240 desecta
705 2157 853 2242 formae,
870 2173 951 2220 curn
969 2155 1096 2238 regula
1113 2173 1184 2219 non
1208 2156 1317 2245 fuerit
1339 2155 1430 2218 suffi-

317 2264 455 2328 cienter
472 2263 659 2346 proposita
677 2279 741 2327 seu
754 2262 997 2346 promulgata;
1018 2268 1080 2326 aut
1111 2262 1220 2327 fuerit
1250 2261 1431 2346 proposita

316 2391 381 2457 per
410 2371 553 2436 modum
577 2372 730 2449 consilii,
763 2389 836 2436 non
860 2377 979 2436 autem
1005 2387 1070 2453 per
1087 2371 1230 2438 modum
1248 2369 1431 2453 obligatio-

316 2481 384 2561 nia;
400 2483 463 2543 aut
480 2485 663 2562 postremo
680 2478 726 2543 ab
745 2479 818 2544 alio
833 2479 1020 2561 proposita
1034 2479 1155 2562 fuerit,
1172 2497 1279 2562 quam
1292 2477 1429 2558 abillis,

317 2587 378 2670 qui
395 2587 558 2668 legitima
575 2591 756 2668 potestate
772 2587 810 2651 in
830 2585 1089 2652 communitate
1103 2586 1162 2651 val
1176 2585 1432 2651 consotiatione

316 2695 487 2778 gaudent.

405 2801 585 2868 Eateaaia.
607 2798 713 2866 Circa
728 2800 909 2882 objectum
923 2801 1015 2884 legis
1030 2800 1322 2866 animadvertere
1335 2819 1430 2886 opor·

316 2912 368 2972 tet
385 2908 513 2990 ipsam,
532 2907 705 2972 limitibus
723 2907 925 2973 honestatis
943 2915 979 2973 et
999 2907 1166 2973 utilitatis
1198 2909 1366 2990 servatis,
1398 2915 1432 2972 ut

315 3015 537 3080 rationabilia
551 3015 697 3095 existat,
713 3015 819 3096 juxta
838 3015 1009 3080 traditam
1027 3015 1271 3081 definitionem
1286 3015 1430 3098 (ordina
1498 3069 1499 3114 ,

317 3123 551 3202 iterationis),
582 3123 633 3186 ita
661 3123 698 3186 in
729 3139 795 3186 sua
821 3123 967 3188 notione
1001 3123 1245 3188 universalem
1279 3141 1369 3205 esec,
1398 3128 1431 3187 ut
1498 3127 1499 3184 1

318 3232 450 3294 cuncta
467 3229 581 3296 madia
597 3230 676 3294 sive
695 3229 855 3312 positiva
874 3231 953 3297 sive
969 3233 1144 3316 negativa
1167 3232 1214 3296 ad
1236 3231 1344 3297 finem
1356 3250 1429 3297 con·

317 3335 540 3421 sequendum
557 3335 815 3420 amplectatur,
834 3338 989 3423 ideoque
1009 3343 1225 3424 potestatem
1250 3339 1431 3423 legiferam

317 3461 523 3530 proponere
541 3460 584 3508 ac
599 3445 813 3527 praecipere
831 3464 938 3527 posse
955 3447 1096 3511 ratione
1112 3447 1219 3511 medii
1236 3463 1280 3511 ea
1305 3445 1430 3524 omnia,

317 3569 411 3636 quae
425 3551 470 3616 ad
487 3551 594 3616 finem
612 3552 822 3616 necessaria
838 3557 1021 3636 putantur.

406 3658 667 3740 remeantia
695 3659 817 3742 specie
848 3661 1048 3743 praecipua
1077 3661 1234 3742 objecta,
1264 3657 1431 3743 quaeaub

318 3767 567 3849 competentia
584 3766 675 3849 legis
694 3767 887 3848 cujuslibet
904 3768 1089 3833 societatis
1114 3768 1300 3850 perfectae
1333 3771 1432 3850 atque

318 3875 454 3939 idcirco
469 3875 661 3956 potestatis
676 3875 852 3958 legiferae
869 3876 905 3940 in
923 3876 1049 3941 eadem
1064 3875 1430 3954 constitutaecadunt,

320 3981 388 4046 etsi
406 3981 538 4046 leviter
570 3999 837 4065 recenseamutt,
868 3985 1058 4066 sequentia
1090 3983 1241 4048 innuere
1269 3981 1430 4059 sufficiat,

319 4089 363 4154 de
380 4086 509 4171 quibua
526 4087 622 4152 Juris
649 4089 787 4154 Publici
805 4090 1002 4173 scriptores
1034 4090 1185 4155 seorsim
1219 4105 1330 4171 agere
1359 4106 1431 4153 con·
1497 4105 1498 4182 ᾗ

320 4197 531 4261 sueverunt:
564 4197 614 4258 1.⁰
636 4197 695 4278 jus
728 4197 970 4263 constituendi
1004 4198 1161 4262 minores
1193 4195 1430 4278 magistratus,
1497 4195 1498 4208 ¹

319 4309 428 4388 atque
446 4302 563 4368 locum
581 4301 893 4388 circumscriptum
912 4304 1104 4370 definiendi
1123 4303 1282 4388 ipsorum
1297 4301 1431 4384 jurisdi-
