3030 4990
819 414 974 471 ..gp-

334 579 430 644 naus,
449 557 510 644 (1).
530 561 555 640 0)
572 557 724 642 ipsimet
741 559 993 641 imperatores,
1011 558 1169 623 maxime
1185 575 1274 623 vero
1296 557 1451 622 Theodo-

335 667 422 748 sius,
452 685 532 732 cum
562 666 731 732 viderent
760 665 954 730 nonnullas
983 666 1084 748 leges
1111 665 1226 730 sacris
1257 666 1450 730 canonibus

336 775 517 856 refragari
531 777 567 838 et
581 773 744 838 clericali
757 774 926 856 dignitati
942 773 1137 855 injuriosas
1151 789 1244 855 esse,
1259 791 1322 837 eas
1334 773 1449 837 immu-

335 884 428 961 tare,
447 883 650 946 retractare
668 884 703 945 et
720 883 907 963 corrigere
925 898 996 945 uon
1010 880 1233 946 dubitarunt.

424 987 476 1052 2⁰
533 987 650 1070 Leges
683 987 970 1070 ecclesiasticae,
992 1006 1085 1073 quae
1119 989 1156 1052 in
1189 987 1451 1072 capitularibus

336 1095 473 1178 Regum
497 1094 721 1160 Francorum
739 1096 972 1178 reperiuntur
988 1101 1024 1161 et
1041 1094 1107 1160 sub
1124 1093 1246 1161 Caroli
1259 1096 1381 1177 Magni
1397 1117 1450 1161 no-

337 1201 432 1266 mine
445 1201 774 1283 circumferuntur,
792 1201 1060 1284 Regalistarum
1078 1202 1213 1285 placito
1228 1203 1374 1268 minime
1387 1205 1450 1267 sut-

336 1310 540 1391 tragantur:
559 1309 589 1388 ⁸)
609 1308 694 1392 quia
712 1326 784 1373 nou
803 1315 985 1390 potestate
1002 1311 1098 1375 laica
1116 1309 1181 1374 sed
1198 1309 1451 1393 Episcoporum

338 1416 557 1480 auctoritate
572 1415 740 1481 conditae
755 1417 901 1482 fuerunt
909 1417 1015 1498 juxta
1026 1417 1186 1499 ejusdem
1200 1415 1321 1483 Caroli
1347 1418 1391 1484 M.
1408 1425 1449 1482 te·

338 1524 544 1588 stimonium
558 1523 610 1588 sic
639 1523 832 1608 loquentis:
854 1523 1006 1606 “Aliqua
1035 1525 1195 1606 capitula
1224 1541 1316 1607 quae
1346 1526 1452 1607 magis

340 1632 444 1696 vobis
470 1629 679 1715 (episcopis)
698 1632 907 1696 necessaria
925 1631 1143 1696 videbantur
1171 1632 1451 1713 subponimus,

340 1743 376 1802 et
394 1742 521 1820 postea
540 1737 583 1802 de
602 1737 816 1821 quibusdam
829 1738 1045 1822 disciplinae
1061 1739 1202 1821 legibus
1219 1738 1310 1803 haec
1326 1739 1451 1804 habeu-

340 1846 397 1908 tis:
427 1843 521 1908 “Ista
539 1861 627 1910 vero
658 1846 779 1910 omnia
803 1863 896 1929 quae
915 1846 1013 1910 vires
1042 1849 1187 1910 nostras
1216 1845 1396 1910 excedunt
1421 1847 1453 1909 in

336 1950 473 2034 judicio
498 1952 752 2034 episcoporum
777 1954 883 2035 Juxta
901 1954 1115 2018 canonicam
1133 1954 1360 2019 sanctionem
1378 1954 1452 2018 defi-

339 2057 473 2123 nienda
501 2059 746 2143 reliquimus“;
764 2058 790 2141 b)
820 2062 918 2143 quia,
949 2061 1200 2125 consentiente
1230 2062 1307 2143 ipso
1341 2061 1454 2125 Natali

340 2165 549 2230 Alexandro
558 2166 619 2250 (2),
633 2167 889 2232 auctoritatem
901 2168 1001 2251 leges
1018 2186 1116 2234 mere
1130 2169 1425 2234 ecelesiasticasf
1445 2205 1453 2215 ·

341 2273 444 2337 rendi
462 2274 616 2338 nonsibi
632 2275 822 2356 arrogavit
837 2275 914 2340 Rex
931 2277 1121 2358 maximus,
1140 2276 1204 2340 sed
1222 2293 1348 2342 earum
1362 2295 1453 2341 exse-

341 2381 524 2446 cutionem
551 2381 759 2464 imperavit;
778 2383 804 2465 ⁰)
821 2385 906 2466 quia
936 2383 1032 2466 apud
1056 2383 1231 2465 Francos,
1253 2389 1292 2448 ut
1316 2385 1455 2448 tradunt

341 2490 437 2554 illius
452 2493 585 2555 aetatis
597 2488 774 2572 historici,
793 2491 965 2575 Episcopi
981 2491 1179 2574 separatim
1212 2492 1455 2557 ecclesiastica

341 2598 488 2679 negotia
504 2597 784 2680 constituebant,
798 2598 1191 2682 deincepsconvocatis
1203 2597 1377 2680 Comitiis,
1387 2599 1455 2662 Rex

343 2723 387 2770 ac
404 2705 579 2769 Proceres
597 2721 642 2768 ea
671 2722 765 2786 quae
790 2705 840 2771 ab
873 2705 1064 2789 Episcopis
1096 2708 1234 2771 statuta
1262 2711 1380 2789 erant,
1397 2723 1454 2769 sua

341 2809 532 2876 sanctione
549 2809 773 2892 muniebant,
792 2814 829 2873 ut
855 2811 891 2874 in
910 2809 1137 2893 capitularia
1162 2811 1301 2875 inserta
1319 2811 1454 2876 firmita-

343 2923 415 2984 tem
447 2917 593 2982 civilem
627 2923 925 3000 assequerentur3
962 2919 1012 2982 ita
1045 2921 1172 2982 narrat
1207 2918 1454 2984 celeberrimus

343 3025 781 3090 HincmarusRhemensis
793 3027 930 3090 saeculi
940 3025 992 3090 IX
1002 3026 1170 3108 scriptor:
1185 3023 1455 3109 “Oumseparati

344 3149 366 3195 a
388 3131 545 3196 caeteris
563 3137 683 3196 essent
702 3133 910 3216 (optimates
924 3133 1003 3199 sive
1017 3133 1102 3198 laici
1119 3133 1198 3198 sive
1211 3129 1455 3212 ecelesiastici)

344 3237 523 3302 incorum
541 3240 715 3304 manebat
742 3246 936 3323 potestate,
957 3239 1100 3324 quando
1119 3241 1225 3306 simul
1243 3241 1303 3306 vel
1321 3239 1454 3323 quando

344 3345 543 3428 separatim
563 3347 779 3430 assiderent,
795 3354 903 3430 prout
920 3367 981 3414 eos
1000 3338 1216 3414 tractandae
1233 3365 1368 3412 causae
1380 3365 1454 3430 qua·

345 3452 429 3516 litas
444 3451 611 3534 docebat,
628 3455 707 3518 sive
720 3455 764 3520 de
779 3457 1029 3537 spiritualibus
1046 3457 1125 3522 sive
1144 3457 1188 3522 de
1202 3457 1453 3531 saecularibus,

345 3561 536 3626 sedetiam
555 3563 779 3648 commixtis,
808 3565 868 3645 (3);
886 3562 912 3644 d)
932 3565 1029 3647 quia,
1063 3565 1093 3630 si
1121 3563 1317 3647 aliquando
1351 3563 1456 3648 piissi-

346 3684 423 3730 mus
442 3666 646 3750 Imperator
659 3671 768 3735 nimio
787 3672 866 3736 zelo
879 3677 915 3737 et
929 3649 1030 3738 recta
1045 3673 1234 3738 voluntate
1248 3689 1313 3754 pro
1333 3669 1455 3736 tuenda

347 3774 533 3856 Religione
552 3774 740 3842 Catholica
769 3779 896 3844 ductus
915 3799 1016 3844 suam
1054 3779 1311 3844 auctoritatem
1345 3779 1411 3843 hac
1426 3778 1454 3839 iu

346 3897 386 3944 rc
404 3881 499 3946 ultra
513 3883 630 3963 justos
660 3885 792 3952 limites
809 3887 985 3970 exercuit,
1013 3890 1112 3953 facta
1144 3904 1209 3951 seu
1242 3887 1374 3952 abusus
1398 3901 1454 3949 nec

348 4055 532 4062 m*-

419 4193 459 4333 g}
496 4190 571 4319 Q.
584 4261 686 4318 Eccles.
698 4282 773 4322 saec.
788 4267 864 4333 vm,
878 4285 938 4338 cap.
950 4271 973 4336 7,
985 4274 1035 4324 art.
1048 4273 1073 4340 8,
1086 4267 1130 4326 De
1143 4269 1240 4326 Gurolo
1249 4268 1360 4341 Magno.

421 4338 463 4402 (8)
500 4337 591 4405 Epist.
607 4337 649 4397 14,
660 4337 733 4393 clius
743 4341 774 4392 lu
788 4341 825 4394 ud
837 4339 964 4396 Procerus
976 4340 1061 4412 ropru'.
