3024 4994
819 355 995 414 -198-

346 501 422 566 unt:
440 497 493 567 3.⁰
506 500 661 582 demum,
677 499 819 566 ratione
835 500 993 566 criminis
1006 499 1067 566 vel
1080 499 1279 566 violationis
1291 497 1383 583 juris
1400 517 1457 582 ap-

345 607 477 691 pellari
493 608 612 674 solent
627 607 837 674 criminales.

412 713 506 780 Hinc
524 715 688 798 exsurgit
704 718 806 779 recta
819 712 1153 780 ecclesiasticarum
1168 731 1360 780 causarum
1371 711 1455 778 clas-

345 819 498 887 sificatio
516 822 553 887 in
568 821 781 908 spirituales,
800 821 1084 902 matrimoniales,
1109 822 1350 904 contentiosas,
1364 821 1455 886 ciari-

345 927 437 994 caies
453 945 498 994 aa
514 927 723 1012 criminales,
742 928 787 993 de
804 927 933 1011 quibus
962 927 1147 992 levissime
1164 927 1394 1010 disseremus,
1423 931 1456 990 ut

346 1039 472 1118 pateat
484 1039 621 1118 quanta
637 1035 685 1100 sit
697 1038 859 1118 potestas
875 1033 1064 1100 Ecclesiae
1072 1033 1270 1117 judicialis.

437 1141 512 1208 116.
562 1140 702 1208 Causae
716 1142 920 1228 spirituales
950 1140 1130 1207 dicuntur:
1159 1162 1245 1226 quos
1277 1143 1325 1207 aci
1350 1141 1454 1230 fidem,

347 1269 456 1315 moras
469 1255 500 1314 at
516 1249 741 1334 disciplinam
756 1255 923 1334 spactant,
940 1248 1008 1314 hoc
1044 1251 1111 1331 est,
1145 1265 1239 1332 quae
1272 1253 1454 1314 versantur

346 1355 445 1420 circa
461 1373 520 1422 res
536 1355 598 1422 vel
615 1356 742 1422 directa
759 1355 982 1439 spirituales,
1003 1355 1054 1420 uti
1071 1355 1171 1437 ildes,
1191 1373 1323 1438 mores,
1342 1371 1453 1419 sacra-

346 1467 481 1546 menta,
500 1463 596 1528 sacri
613 1463 715 1546 ritus,
735 1462 880 1547 aliaque
910 1461 957 1528 ad
989 1461 1202 1545 religionem
1228 1461 1451 1545 pertinentia,

346 1569 407 1634 vel
418 1569 585 1636 indirecte
602 1568 823 1653 spirituales,
842 1569 945 1636 velut
962 1569 1172 1652 electiones,
1206 1569 1450 1647 institutiones,

345 1675 454 1758 bona,
469 1675 566 1758 jura,
583 1676 705 1742 olfloia
721 1676 950 1760 clericorum,
969 1675 1115 1760 aliaque
1132 1675 1246 1740 multa
1264 1675 1309 1740 ad
1340 1673 1451 1740 Eccle-

345 1781 422 1846 siae
434 1782 736 1866 gubernationem
761 1783 840 1850 sive
854 1786 1045 1849 externam
1062 1783 1227 1867 politiam
1245 1798 1450 1848 concernen·

347 1890 409 1954 tia.

432 1995 515 2062 Jam
531 2015 634 2080 vero,
656 2015 737 2063 cum
755 1997 996 2063 anterioribus
1029 1995 1193 2062 articulis
1227 1993 1451 2062 cumulatissi-

345 2122 402 2170 me
419 2104 696 2188 probaverimus
710 2103 913 2170 Ecclesiam
944 2125 965 2169 a
998 2103 1140 2170 Christo
1173 2102 1326 2168 Domino
1354 2102 1451 2186 plena

345 2213 529 2294 potestate
546 2229 626 2276 esse
643 2212 852 2294 insignitam
871 2210 1037 2286 docendi,
1067 2210 1231 2293 jubendi,
1262 2207 1448 2292 judicandi,

345 2318 518 2400 puniendi
535 2323 645 2403 atque
662 2317 828 2384 solvendi
843 2319 878 2383 in
898 2319 941 2382 iis
959 2319 1135 2399 omnibus,
1156 2335 1249 2402 quae
1267 2318 1313 2382 ad
1329 2317 1449 2382 cultum

345 2423 425 2504 Dei,
443 2425 598 2490 salutem
622 2425 838 2508 animarum,
875 2425 1026 2508 ejusque
1058 2425 1220 2508 regimen
1250 2429 1287 2490 et
1315 2423 1449 2490 admini-

345 2531 558 2596 strationem
572 2532 792 2614 referuntur,
803 2548 1118 2615 supervacaneum
1128 2532 1231 2596 nobis
1246 2531 1384 2598 videtur
1397 2547 1448 2593 no-

346 2637 401 2702 vis
418 2639 642 2721 argumentis
656 2657 700 2703 ac
717 2639 918 2704 rationibus
937 2637 1188 2703 demonstrare
1201 2657 1330 2704 causas
1357 2637 1448 2724 spiri·

345 2745 456 2812 tuntas
468 2744 657 2811 Ecclesiae
672 2746 808 2828 judicio
827 2745 1015 2810 exclusive
1032 2749 1068 2810 et
1095 2745 1340 2811 essentialiter
1366 2761 1448 2810 corn·

344 2858 484 2935 patera
524 2853 737 2935 relegantur
773 2852 889 2918 denuo
935 2852 981 2917 ad
1028 2853 1229 2935 pleniorem
1273 2852 1375 2935 hujus
1403 2846 1449 2913 rei

345 2959 657 3026 confirmationem
689 2960 897 3024 testimonia
929 2963 965 3024 et
997 2959 1275 3026 observationes
1308 2960 1386 3025 hinc
1418 2957 1448 3018 et

345 3065 446 3131 illinc
463 3066 676 3150 saepissime
691 3067 817 3132 allata.

437 3171 512 3238 117.
562 3171 703 3238 Causae
750 3174 1024 3240 matrimoniales
1063 3173 1265 3257 nuncupari
1300 3172 1445 3257 possunt:

345 3300 432 3364 quaa
445 3280 486 3346 de
499 3280 803 3346 indissolubilitate
819 3279 958 3364 vinculi,
976 3281 1158 3347 caliditate
1170 3281 1389 3367 sponsalium,
1404 3275 1447 3341 oei

345 3387 479 3474 dejure
496 3388 543 3453 ad
560 3387 746 3454 divortium
763 3395 879 3474 agunt.
896 3386 1081 3469 Ejusmodi
1097 3404 1227 3453 causas
1256 3388 1446 3452 existiman-

345 3494 409 3559 das
429 3511 509 3559 esse
527 3512 625 3560 mere
643 3494 925 3576 ecclesiasticas,
944 3493 1013 3560 hoc
1042 3497 1109 3576 est,
1124 3494 1161 3558 in
1185 3495 1264 3560 loro
1293 3491 1445 3560 ecclesia·

345 3601 435 3666 stico
453 3605 595 3667 tantum
622 3601 873 3684 dijudicandas
905 3601 1132 3684 apertissime
1163 3604 1320 3666 constat:
1350 3598 1446 3666 1.⁰ex

345 3707 558 3774 Tridentina
575 3707 734 3791 Synodo,
754 3726 848 3791 quae
864 3707 1067 3792 generatim
1081 3707 1256 3772 definivit:
1271 3708 1311 3774 Si
1323 3711 1392 3794 quis
1403 3705 1445 3769 di-

343 3817 436 3882 net-it
452 3837 576 3882 causas
593 3815 867 3883 nautrimoniaies
879 3837 947 3880 non
963 3822 1118 3900 spectare
1135 3815 1181 3880 ao
1197 3817 1330 3899 iudicas
1360 3812 1445 3879 scoie-

345 3924 514 4005 siasticos,
530 3924 771 3990 anathemasti
789 3924 849 4005 (1);
865 3921 914 3988 2.⁰
928 3939 974 3987 ex
1002 3921 1234 3988 damnatione
1262 3922 1290 4004 ⁸)
1322 3940 1444 4008 opernm

415 4281 451 4345 (l)
486 4279 561 4332 Sess.
576 4279 676 4334 XXIV
692 4277 723 4332 de
735 4275 861 4333 Monam.
881 4293 942 4334 can.
957 4277 1022 4331 xli.
