3146 4980
768 353 947 412 -440-

294 495 477 562 Summum
489 495 701 562 Pontificem
715 495 894 578 adJurant
910 497 948 562 in
960 493 1209 560 ecclesiastico
1222 492 1427 576 regimine.

383 602 432 668 29
478 601 687 668 Auctoritas
699 602 889 685 Primatus,
908 602 1076 686 quamvis
1092 617 1182 668 vere
1194 601 1430 688 sit-potestas

295 709 528 791 episcopalis,
547 709 733 774 ordinaria
749 715 860 791 atquc
893 707 1104 772 immediata
1134 724 1244 790 super
1271 705 1430 770 univer·

295 833 371 880 sam
399 815 614 896 Ecclesiam,
648 816 718 880 hoc
762 822 829 896 est,
863 816 970 880 simul
1016 815 1263 897 complectens
1292 828 1430 877 omnes

296 920 428 986 Christi
443 922 577 1004 fideles,
596 939 794 1005 omnesque
815 923 926 986 etiam
943 919 1156 1004 Eplsccpcs;
1176 927 1297 984 tamen
1313 923 1429 983 natu-

295 1047 374 1094 ram
390 1029 537 1094 insitam
554 1030 746 1112 potestatis
774 1028 994 1112 episcopalis
1025 1028 1221 1092 immutare
1247 1026 1308 1090 vel
1336 1041 1429 1106 gra-

296 1135 379 1199 dum
397 1135 643 1218 episcopalem
661 1135 888 1218 supprimere
903 1139 967 1197 aut
984 1133 1165 1215 abrogare
1180 1132 1317 1214 nequit,
1333 1131 1431 1213 quia

295 1240 364 1304 hoc
378 1239 529 1322 perinde
546 1247 643 1306 esset
660 1258 704 1305 ac
721 1240 932 1305 convellere
956 1244 993 1304 et
1010 1238 1155 1321 penitus
1173 1256 1192 1302 e
1210 1237 1326 1302 medio
1352 1236 1428 1300 tol-

295 1346 373 1411 lere
390 1347 679 1412 ecclesiasticam
690 1346 934 1411 hierarchiam
948 1345 1121 1411 divinitus
1135 1344 1349 1409 institutam.

385 1449 591 1534 Enimvero,
610 1451 851 1536 Episcopatus
886 1451 1118 1533 universalis,
1137 1469 1243 1533 quem
1256 1450 1428 1520 Romano

296 1555 462 1622 Pontifici
495 1557 715 1624 adstruimus
732 1564 769 1623 st
786 1558 1028 1638 vindicamus,
1054 1557 1263 1639 neutiquam
1281 1556 1428 1638 episco-

297 1668 404 1744 patus
422 1664 664 1745 particulares
682 1665 855 1746 excludit,
874 1666 982 1730 immo
999 1665 1120 1747 potius
1137 1681 1200 1727 eos
1233 1661 1426 1744 supponit;

297 1770 589 1852 quandoquidem
621 1771 802 1836 Romanus
827 1770 997 1836 Pontifex
1014 1769 1218 1834 Ecclesiam
1236 1787 1309 1832 non
1325 1767 1429 1849 regit

298 1892 363 1956 per
381 1875 580 1958 Episcopos
610 1877 725 1941 veluti
743 1894 808 1960 per
827 1877 1011 1941 ministros
1044 1882 1107 1940 aut
1130 1875 1290 1941 vicarios
1322 1891 1425 1955 suos,

298 1981 362 2046 sed
379 1999 441 2046 eos
458 1983 646 2048 constituit
663 1988 848 2067 tamquam
865 1985 1015 2047 totidem
1034 1983 1221 2066 principes
1235 1980 1427 2046 ordinaria

298 2093 480 2170 potestate
498 2090 654 2154 munitos
671 2089 717 2154 ad
737 2091 1018 2172 uniuscujusque
1046 2089 1234 2154 Ecclesiae
1263 2087 1425 2170 particu-

298 2194 386 2258 laris
404 2196 547 2277 bonum,
565 2195 652 2260 licet
668 2212 748 2259 cum
766 2195 889 2259 dehita
906 2194 1150 2278 dependentia
1168 2193 1325 2275 inhujus
1357 2208 1424 2273 po·

298 2304 441 2364 testatis
457 2303 633 2366 exercitio
651 2302 852 2384 alternans
873 2300 966 2366 Sede
983 2301 1031 2364 ad
1054 2301 1274 2365 servandam
1303 2299 1424 2362 unita·

298 2411 371 2469 tem
396 2413 469 2470 tum
483 2407 579 2486 fidei,
606 2413 681 2471 tum
710 2408 973 2472 communionis
1000 2408 1037 2470 in
1053 2407 1226 2471 universa
1240 2405 1422 2470 Ecclesia.

299 2509 448 2592 Quodsi
465 2513 645 2578 interdum
664 2513 828 2578 Summus
860 2512 1031 2577 Pontifex
1048 2513 1271 2576 auctoritate
1288 2529 1354 2575 sua
1370 2511 1423 2575 in·

298 2621 483 2683 tervenirc
501 2624 656 2700 tenetur,
683 2627 834 2702 propter
851 2620 1047 2684 utilitatem
1078 2619 1137 2684 vel
1168 2619 1425 2682 necessitatem

299 2724 378 2789 sive
395 2725 582 2790 Ecclesiae
592 2727 822 2807 universalis,
836 2726 915 2790 sive
933 2725 1088 2806 alicujus
1104 2725 1299 2808 peculiaris
1316 2723 1426 2788 Dios·

299 2848 424 2896 cascos
440 2832 508 2897 hoc
525 2833 625 2897 lacit.

387 2939 440 3002 3.⁰
487 2938 652 3021 Damam,
671 2939 783 3004 semel
809 2939 934 3020 agnita
962 2939 1127 3021 legitima
1159 2937 1428 3020 Episcoporum

298 3042 542 3123 dependentia
559 3063 581 3108 a
597 3045 771 3109 Pontifice
788 3045 945 3109 Maximo
976 3055 1013 3109 et
1047 3045 1224 3128 Supremo
1257 3043 1427 3124 Pastore,

299 3167 443 3232 unaque
462 3150 619 3216 admissa
635 3169 805 3234 suprema
821 3153 1064 3218 Rornanorum
1078 3152 1294 3218 Pontificum
1325 3157 1428 3239 pote·

299 3260 394 3320 state
412 3257 575 3322 Vicarios
589 3258 798 3322 nominandi
809 3259 1023 3323 charactere
1037 3260 1239 3342 episcopali
1253 3259 1314 3323 vel
1326 3275 1428 3340 pres·

299 3361 458 3443 hyterali
470 3363 673 3446 insignitos,
692 3365 771 3428 sive
789 3381 854 3447 pro
885 3365 992 3428 novis
1010 3364 1185 3430 Ecclesiis
1203 3366 1429 3430 constituen-

301 3468 368 3549 dis,
383 3471 462 3534 sive
475 3488 540 3552 pro
554 3469 728 3534 Ecclesiis
738 3471 816 3551 jam
832 3471 1050 3554 constitutis,
1068 3473 1221 3537 firmiter
1236 3472 1429 3537 adstruen-

301 3573 347 3636 da
361 3583 397 3638 et
409 3577 615 3640 necessario
630 3575 836 3657 profitenda
850 3583 905 3641 est
920 3577 1035 3642 veluti
1048 3579 1196 3642 axioma
1208 3577 1431 3642 canonicum

301 3687 411 3763 atque
429 3682 646 3765 principium
662 3681 906 3763 dogmaticum
925 3683 1017 3747 haec
1033 3683 1183 3748 veritas:
1220 3683 1275 3748 Ex
1299 3682 1433 3747 divina

300 3787 538 3871 institutione,
571 3795 682 3871 atque
699 3787 884 3852 ordinarie
914 3795 951 3853 et
978 3791 1200 3872 regulariter
1228 3787 1430 3872 loquendo,

300 3890 467 3958 Ecclesia
479 3894 641 3977 regenda
658 3899 714 3958 est
726 3911 792 3975 per
813 3893 1028 3978 Episcopos,
1059 3897 1121 3979 qui
1138 3896 1242 3978 gregi
1260 3895 1431 3960 christia·

301 4013 348 4060 no
365 4001 623 4077 praeficiantur
642 4002 786 4065 nominc
804 4003 966 4086 proprio,
985 4011 1172 4086 tamquam
1204 4005 1284 4069 veri
1300 4002 1432 4069 Pasto-

302 4118 373 4181 res,
394 4102 545 4184 legitimi
563 4106 751 4189 Principes
778 4110 888 4188 atque
915 4110 1063 4188 genuini
1091 4109 1433 4192 Repraesentantes

303 4206 438 4288 gradus
456 4215 491 4274 et
509 4210 698 4292 dignitatis
723 4231 745 4275 a
756 4209 905 4278 Christo
922 4213 1077 4280 Domino
1094 4216 1297 4297 institutam
1330 4215 1434 4281 ideo·
