3034 4990
790 407 969 466 -340-

319 550 472 616 stituere
488 567 554 633 pro
586 549 1003 635 veritateaguosceuda,
1029 552 1060 616 si
1076 553 1113 618 in
1129 554 1232 619 dubio
1258 558 1445 637 versetur,

319 658 381 723 vel
395 658 656 723 revelationem
669 657 848 740 recipere,
859 657 889 720 si
901 657 938 721 in
947 657 1187 724 certitudinem
1192 659 1271 740 jam
1285 659 1444 725 devene-

319 765 379 846 rit;
398 768 435 829 et
447 763 541 828 ratio
555 763 660 844 buJus
673 762 828 844 duplicis
842 763 951 828 olflcli
964 765 1164 847 inquirendi
1178 763 1239 830 vel
1249 767 1446 851 recipiendi

318 871 408 936 satis
425 870 552 952 liquet3
570 868 695 934 diviua
712 868 806 932 enim
823 868 1002 933 revelatio
1031 874 1088 934 est
1117 870 1232 934 veluti
1260 871 1442 953 quaedam

319 979 410 1060 Lex,
430 975 625 1059 etquidem
642 991 824 1057 suprema,
844 975 1092 1041 sacratissima
1110 983 1146 1040 et
1161 978 1319 1042 maxime
1351 977 1443 1042 obli·

319 1083 476 1166 geionis,
496 1086 620 1164 utpote
637 1099 660 1145 a
675 1080 753 1145 Deo
769 1079 943 1148 Crantore
962 1082 1118 1147 omnium
1134 1087 1171 1146 et
1197 1081 1343 1148 Summo
1375 1083 1441 1149 Le·

320 1190 498 1273 gislatore
514 1190 602 1271 lata;
621 1207 689 1272 age
703 1189 792 1271 jam,
807 1189 923 1254 omnis
938 1188 1000 1254 lex
1016 1189 1117 1271 prius
1133 1189 1263 1272 incipit
1275 1191 1443 1273 obtigere

320 1297 435 1362 adsui
447 1297 716 1379 inquisitionem
729 1296 1000 1378 instituendam,
1016 1296 1047 1360 si
1060 1295 1279 1362 rationabile
1293 1297 1440 1361 dubium

319 1405 366 1470 de
382 1405 460 1486 ejus
478 1403 672 1469 existentia
689 1403 839 1482 oriatur;
857 1401 1030 1484 deinceps
1047 1419 1135 1467 vero
1167 1401 1296 1485 incipit
1313 1403 1362 1467 ad
1386 1405 1441 1468 sui

320 1511 592 1576 observantiam
611 1510 787 1592 obligare,
803 1527 883 1574 cum
897 1514 998 1574 certo
1012 1506 1159 1591 cognita
1171 1509 1218 1572 sit
1231 1519 1270 1572 ut
1281 1511 1439 1592 promul·
1482 1553 1493 1574 .

320 1623 408 1702 gata
422 1617 467 1682 ab
482 1635 526 1682 ea
539 1634 709 1700 persona,
725 1633 818 1700 quae
831 1633 922 1682 vera
934 1621 970 1680 et
982 1616 1145 1698 legitima
1158 1619 1343 1698 potestate
1356 1635 1439 1699 gau-

319 1725 392 1789 det.

409 1829 518 1893 Hisce
534 1829 723 1911 principiis
742 1829 787 1894 ad
806 1847 1001 1912 personam
1017 1828 1192 1894 moralem
1205 1847 1269 1893 seu
1286 1828 1439 1894 societa-

321 1943 394 2002 tem
407 1938 615 2021 applicatis,
634 1938 822 2004 videamus
837 1938 923 2020 quid
939 1939 976 2002 in
994 1941 1147 2021 utroque
1176 1954 1263 2002 casu
1280 1943 1439 2004 statuen-

318 2043 415 2109 dum.

414 2151 462 2214 l.⁰
509 2149 545 2215 Si
562 2151 703 2216 dubium
720 2151 938 2214 rationabile
953 2150 997 2216 de
1011 2149 1206 2215 existentia
1224 2151 1373 2215 divinae
1386 2168 1438 2214 re·

319 2255 514 2320 velationis
533 2256 630 2339 apud
646 2257 859 2321 societatem
883 2261 1059 2338 emergat,
1078 2256 1157 2322 sive
1180 2256 1271 2320 illud
1304 2257 1440 2321 oriatur

320 2363 358 2425 in
371 2362 522 2442 singulis
540 2362 748 2442 individuis3
766 2363 845 2428 sive
863 2363 900 2426 iu
914 2363 1036 2427 multis
1049 2363 1350 2444 praevalentibus
1378 2380 1436 2426 nu·

321 2485 420 2532 mero
439 2473 500 2531 aut
513 2468 664 2550 viribus,
679 2473 754 2533 tum
768 2485 849 2533 cum
863 2468 1086 2551 participant
1099 2469 1266 2550 regimini
1281 2468 1436 2551 publico,

320 2578 394 2638 tum
414 2592 493 2639 cum
511 2592 582 2638 uon
599 2575 835 2657 participant,
851 2575 936 2658 quia
953 2574 998 2639 de
1013 2575 1102 2657 ipsis
1116 2591 1241 2640 curam
1256 2575 1366 2640 habet
1377 2593 1435 2658 po-

321 2684 435 2744 testas
449 2682 607 2763 socialis;
627 2682 705 2746 sive
719 2682 865 2746 tandem
891 2683 927 2746 in
941 2681 1143 2746 rectoribus
1158 2681 1347 2745 societatis
1364 2685 1437 2744 tau-

319 2792 407 2870 tum,
427 2805 551 2852 omnes
568 2788 604 2852 iu
622 2788 751 2870 quibus
779 2788 956 2853 dubitatio
976 2788 1104 2853 oborta
1121 2787 1243 2868 fuerit,
1273 2792 1438 2852 tenentur

321 2894 481 2960 debitam
495 2895 685 2959 instituere
697 2894 1030 2978 investigationem,
1046 2912 1178 2977 exque
1194 2899 1367 2976 sequetur
1380 2893 1435 2958 vel

322 3003 565 3084 utplurimum
578 3001 756 3066 certitudo
776 3019 819 3066 ac
836 3003 1022 3066 evidentia
1038 3001 1186 3066 divinae
1203 3002 1437 3066 revelationis

319 3109 381 3172 vel
409 3109 538 3174 saltem
571 3111 698 3174 notitia
731 3108 840 3174 valde
870 3108 1070 3190 probabilis
1097 3109 1175 3190 ejus
1208 3108 1435 3190 existentias,

320 3233 414 3298 quae
432 3215 575 3296 quidem
593 3217 848 3281 auctoritatem
866 3215 1049 3297 publicam
1066 3215 1214 3280 inducet
1232 3215 1279 3279 ad
1290 3216 1435 3298 permit·

321 3320 468 3387 tendum
486 3321 640 3388 liberum
658 3323 871 3388 exercitium
885 3323 1072 3404 religionis
1085 3321 1275 3387 revelatae
1300 3321 1342 3386 iis
1358 3320 1436 3385 sub·

319 3429 416 3511 ditis,
430 3429 491 3512 qui
507 3429 552 3494 de
569 3447 613 3495 ea
629 3430 795 3514 persuasi
813 3431 959 3494 luerint.

408 3535 460 3600 29
507 3534 658 3616 Quando
672 3554 762 3601 vero
794 3537 962 3601 certitudo
991 3534 1036 3599 de
1065 3535 1261 3599 existentia
1294 3533 1437 3598 divinae

320 3643 558 3708 revelationis
572 3644 761 3724 habeatur,
780 3647 878 3725 tunc,
898 3660 979 3707 cum
999 3647 1130 3724 agatur
1147 3642 1192 3708 de
1205 3659 1245 3706 re
1274 3639 1436 3706 societati

318 3753 485 3832 profecto
503 3751 685 3832 evidente,
706 3750 790 3832 quia
804 3750 1047 3832 promulgatio
1073 3747 1268 3832 Evangelii
1298 3749 1436 3813 ratione

318 3859 506 3942 temporis,
522 3857 744 3924 extensionis
761 3861 798 3921 et
814 3856 1054 3921 solemnitatis
1071 3857 1160 3922 satis
1183 3871 1365 3938 superque
1388 3851 1434 3916 ia·

318 3969 379 4030 eta
397 3972 464 4049 est,
484 3982 608 4030 omnes
633 3970 733 4030 certo
763 3965 1037 4045 adstringuntur
1066 3961 1226 4028 divinam
1244 3961 1435 4027 revelatio-

320 4089 405 4136 nem
432 4073 630 4156 suscipere,
650 4072 772 4137 colere
793 4077 829 4138 et
855 4072 1068 4150 observare3
1096 4070 1230 4134 etenim
1256 4066 1438 4151 quaelibet

319 4179 381 4243 lex
399 4179 693 4244 communitatem
708 4180 860 4262 obligat,
879 4197 924 4242 ox
938 4196 1007 4261 quo
1022 4194 1088 4260 per
1104 4176 1343 4242 sufficientem
1357 4189 1436 4257 pro·

318 4284 581 4367 mulgatiouem
597 4285 645 4351 ad
660 4285 826 4351 notitiam
842 4283 1065 4350 subditorum
1079 4282 1302 4369 pervenerit.
