3030 4990
521 419 697 476 -109-

72 559 194 643 tualem;
210 562 312 646 atqui
327 562 456 646 religio
470 562 684 628 felicitatem
698 564 936 645 temporalem
950 564 1168 647 completam

70 665 178 749 reddit,
194 669 280 752 quia
298 670 457 734 animam
474 669 726 753 excolendam,
746 670 1004 753 perficiendam
1022 673 1058 735 et
1072 670 1119 735 ad
1131 671 1167 734 fl-

68 791 133 838 uam
160 775 321 842 ultimum
353 776 556 843 ducendam
573 782 689 860 curat3
709 777 820 860 igitur
838 776 900 841 ille
923 779 984 860 qui
1001 777 1169 842 societati

66 887 206 964 praeest,
221 883 435 966 religionem
444 885 650 948 naturalem
667 884 852 949 socialiter
865 883 1061 948 defendere
1072 889 1168 948 tene·

67 993 122 1068 tur,
135 1006 277 1074 unaque
295 993 447 1055 cunctas
465 991 729 1071 aberrationes,
749 990 883 1055 delicta
901 991 963 1055 vel
989 995 1091 1055 actus
1109 990 1169 1054 ad·

66 1111 192 1162 versum
211 1097 427 1179 religionem
444 1097 643 1180 corrigere;
664 1113 915 1180 quaecumque
934 1096 1029 1160 enim
1046 1097 1168 1161 devia-

68 1199 223 1267 tioafine
240 1203 366 1268 ultimo
397 1203 566 1268 felicitati
597 1202 826 1285 adaequatae
855 1202 1009 1267 hominis
1035 1201 1168 1284 obstat,

66 1319 95 1370 et
107 1307 181 1374 ideo
198 1314 328 1375 contra
345 1310 452 1375 finem
470 1309 656 1375 societatis
674 1312 741 1374 est.

149 1415 203 1480 54.
253 1415 449 1497 Quaeritur
478 1421 600 1482 autem
631 1434 726 1481 nuno
755 1399 942 1500 quousque
977 1414 1170 1498 protenda-

65 1523 175 1604 turjus
192 1529 228 1588 et
245 1523 405 1588 officium
423 1523 591 1588 naturale
609 1523 787 1606 Principis
805 1523 1019 1605 religionem
1049 1522 1171 1586 tuendi

65 1625 94 1692 in
105 1636 194 1696 statu
211 1647 336 1696 merae
353 1634 520 1695 naturae.
539 1630 610 1695 Pro
626 1630 696 1695 hac
728 1631 943 1713 quaestione
979 1629 1171 1695 enuclean-

67 1735 113 1816 da,
131 1755 221 1822 oum,
237 1737 431 1804 deficiente
441 1737 682 1820 revelatione,
703 1737 847 1802 deesset
860 1757 987 1804 norma
1000 1737 1171 1802 infallibi-

65 1841 112 1925 lis,
124 1845 340 1928 principium
354 1850 494 1911 certum
512 1849 623 1928 atque
637 1845 891 1910 inconcussum
905 1847 1014 1909 statui
1033 1846 1170 1928 nequit,

67 1953 269 2019 sedtantum
298 1954 391 2019 haec
422 1954 550 2036 regula
583 1953 767 2036 generalis
800 1953 945 2016 videtur
978 1952 1169 2017 tradenda:

69 2057 223 2145 Princeps
237 2066 363 2144 posset
378 2065 413 2126 et
428 2061 579 2126 deberet
588 2063 795 2147 praecipere
810 2061 870 2126 vel
878 2062 1062 2146 probibere
1073 2061 1170 2144 quid·

69 2167 138 2248 quid
153 2169 317 2252 exigeret
334 2173 397 2233 aut
408 2170 613 2253 postularet
628 2187 756 2234 sensus
774 2169 986 2249 communis;
1004 2169 1089 2232 hino
1113 2185 1172 2232 ex·

69 2280 201 2356 surgunt
218 2276 287 2342 duo
305 2278 505 2359 praecipua
518 2278 602 2358 jnra
621 2279 657 2342 et
675 2277 796 2341 ofiioia
815 2276 985 2359 positiva:
1007 2275 1056 2340 l.⁰
1074 2275 1172 2340 Prin·

70 2398 140 2464 ceps
155 2389 273 2466 potest
295 2390 331 2449 et
348 2383 456 2449 debet
474 2384 667 2467 prohibere
685 2401 780 2468 quae
798 2385 1093 2465 superstitionem
1112 2389 1174 2447 aut

70 2487 274 2572 impietatem
292 2492 484 2558 manifeste
500 2491 709 2573 ostendunt3
726 2492 811 2574 quia
829 2492 920 2556 haec
939 2491 966 2572 ³)
981 2491 1054 2572 juri
1073 2493 1172 2555 natu·

72 2596 126 2661 rali
141 2603 175 2664 et
187 2600 309 2664 sensui
326 2599 507 2665 communi
522 2603 741 2681 repugnant,
761 2604 871 2682 atque
890 2600 1000 2664 etiam
1019 2598 1046 2681 b)
1062 2599 1174 2663 felici-

72 2705 126 2768 tati
140 2706 365 2790 adaequatae
379 2709 535 2773 bominis
548 2709 585 2772 in
603 2707 673 2772 hac
692 2725 835 2792 quoque
848 2709 937 2788 vita,
956 2709 1101 2788 bocest,
1115 2709 1174 2770 bo·

71 2813 353 2896 nospiritualiac
379 2815 597 2898 perfectioni
623 2815 766 2879 animae
798 2814 909 2899 plane
942 2814 1173 2894 adversatum

72 2914 287 3004 l.⁰Prinoeps
304 2926 478 3005 potestat
496 2923 603 2987 debet
617 2922 747 3003 Jubere
761 2922 901 3005 aliquos
916 2927 1017 2986 actus
1030 2920 1174 3003 religio-

71 3040 129 3106 sos;
141 3031 213 3092 tum
230 3029 314 3112 quia
331 3029 359 3110 ⁸)
378 3029 571 3095 Divinitati
589 3029 730 3093 debitus
745 3033 801 3093 est
819 3029 950 3112 aliquis
969 3027 1088 3092 cultus
1102 3045 1174 3092 non

71 3132 160 3200 modo
177 3138 349 3202 externus
366 3137 430 3201 sed
462 3141 499 3200 et
523 3136 702 3219 publicus,
738 3141 774 3201 et
808 3136 994 3201 societatis
1023 3136 1176 3199 interest

72 3243 343 3324 apparerehuno
376 3245 511 3310 cultum
552 3245 768 3327 praestitum
802 3245 847 3308 ab
893 3244 1070 3324 omnibus;
1101 3249 1177 3307 tum

72 3349 143 3430 qnia
156 3347 180 3434 θ)
192 3352 388 3417 nonnullae
407 3352 790 3416 circumstanstantiae
806 3369 1000 3417 occurrere
1013 3355 1174 3434 possent,

71 3455 238 3542 inquibus
255 3461 414 3544 Principi
428 3461 487 3542 Jus
505 3460 690 3526 indubium
708 3465 806 3526 esset
824 3460 987 3524 subditos
1019 3458 1175 3540 compel-

71 3565 155 3632 lendi
171 3567 217 3632 ad
232 3568 372 3652 aliquos
399 3568 586 3650 religionis
604 3572 720 3650 actus,
752 3568 803 3632 uti
820 3567 1107 3648 praestationem
1121 3565 1173 3646 ju·

72 3675 212 3740 ramenti
229 3693 292 3758 pro
310 3675 516 3740 testimonio
549 3673 747 3756 reddendo,
782 3674 990 3738 muneribus
1019 3670 1176 3755 publicis

73 3780 245 3866 obeundis,
259 3783 413 3866 aliisque
425 3782 602 3848 similibus
616 3782 848 3864 peragendis.
