3034 4990
556 419 734 480 -331-

484 663 747 761 seriosius
761 695 804 761 v,

519 888 766 955 Suuusuruu.

86 1081 141 1132 ²06.
158 1076 334 1134 Relationes
345 1081 484 1148 juridicae
502 1081 647 1136 Ecclesiae
659 1099 722 1136 cum
737 1083 924 1138 societatibus
936 1101 994 1139 non
1016 1087 1208 1142 catholicis.-

151 1153 214 1203 sut.
237 1151 404 1204 Relationes
415 1168 479 1205 cum
493 1155 628 1206 societate
641 1155 795 1208 christiana
804 1153 1060 1211 acatholica—208.
1077 1158 1211 1212 Conditio

148 1222 276 1288 juridica
289 1223 434 1277 Ecclesiae
447 1223 612 1277 Catholicae
635 1228 664 1277 in
685 1227 768 1280 Statu
792 1226 925 1279 decretam
946 1233 975 1281 et
996 1227 1207 1283 condamina.-

149 1297 215 1348 209.
238 1294 479 1348 Relationescum
493 1295 632 1348 Societata
644 1297 802 1350 christiane
822 1297 1109 1366 indifferens-210.
1128 1300 1209 1355 Rela-

149 1365 249 1418 tiones
262 1366 409 1419 Ecclesiae
419 1382 483 1419 curn
496 1367 632 1420 societate
644 1366 756 1435 infideli.

165 1532 247 1598 206.
295 1534 545 1601 Relationibus
563 1535 752 1602 Ecclesiae
769 1555 849 1602 cum
880 1538 1115 1604 societatibus
1149 1555 1209 1603 ca-

85 1635 224 1704 tholicis
240 1641 406 1705 articulis
424 1642 728 1724 praecedentibus
746 1648 847 1710 recte
861 1643 1029 1726 delinitis,
1059 1645 1206 1709 investi·

84 1759 167 1822 gare
184 1753 358 1828 superest
376 1764 556 1830 quaenam
569 1749 767 1814 relationes
791 1751 857 1814 sub
876 1760 1027 1833 aspectu
1051 1751 1208 1833 juridico

85 1849 311 1917 intercedere
325 1853 467 1936 possint
484 1858 520 1917 et
538 1855 688 1936 agnosci
704 1855 863 1920 debeant
875 1857 971 1922 inter
1002 1857 1118 1940 ipsam
1143 1855 1209 1920 Ec·

84 1954 230 2021 alesiam
244 1966 283 2022 et
302 1959 497 2024 societates
511 1977 583 2025 non
602 1961 815 2026 catholicas.

166 2062 375 2129 Societates
394 2066 523 2131 civiles
542 2067 676 2149 triplici
690 2072 868 2149 conceptu
879 2074 1030 2150 possunt
1043 2085 1123 2133 esse
1136 2085 1208 2131 non

86 2167 301 2250 catholicam
319 2170 415 2236 enim
432 2171 597 2237 defectus
614 2173 873 2238 catholicitatis
897 2173 1080 2256 proficisci
1108 2174 1210 2238 vaiet

85 2273 140 2338 vel
171 2291 218 2339 ex
236 2277 422 2342 rebellione
441 2277 619 2342 adversus
652 2279 909 2342 auctoritatem
941 2284 978 2343 et
1006 2279 1209 2343 doctrinam

86 2396 193 2446 verae
211 2383 415 2466 Ecclesiae,
436 2387 487 2449 uti
504 2385 544 2449 fit
557 2387 594 2450 in
607 2385 767 2450 Statibus
782 2386 990 2451 christianis
1000 2388 1060 2470 qui
1077 2387 1113 2450 in
1125 2386 1208 2452 hac·

87 2489 189 2553 resim
210 2497 276 2554 aut
300 2491 458 2556 schisma
476 2493 571 2574 lapsi
596 2499 692 2573 sunt;
713 2493 774 2557 vel
798 2511 843 2558 ex
861 2482 1103 2580 indifferentia
1121 2510 1210 2575 erga

86 2609 204 2660 omnes
222 2597 433 2679 religiones,
453 2600 584 2663 saltem
602 2599 833 2680 christianas,
859 2607 967 2682 prout
1000 2600 1126 2665 uidere
1155 2607 1210 2664 est

85 2701 176 2781 apud
192 2703 278 2767 illos
295 2703 418 2768 Status
435 2706 581 2768 nomine
600 2713 635 2768 et
648 2705 868 2786 baptismate
886 2705 1115 2784 christianos,
1145 2705 1209 2768 sed

86 2823 123 2870 re
134 2814 171 2872 et
187 2810 420 2894 professione
436 2811 566 2874 atheos
594 2829 657 2874 seu
676 2809 894 2889 incredulos,
910 2811 947 2873 in
964 2810 1092 2891 quibus
1109 2816 1208 2890 pote·

85 2921 154 2978 stas
173 2916 325 2998 publica
342 2917 549 2999 proclamat
565 2917 832 2999 legislationem
847 2915 1013 2979 absolute
1025 2916 1208 2997 praescin-

85 3017 227 3087 dentem
261 3041 283 3086 a
300 3023 478 3104 religione
509 3023 703 3104 catholica,
733 3023 921 3086 imovero
950 3021 1162 3104 saepissime
1187 3040 1210 3085 a

87 3143 312 3212 quacumque
329 3129 508 3211 reiigione
526 3129 698 3211 positiva,
732 3129 838 3192 salva
867 3132 990 3192 tamen
1017 3128 1211 3192 honestate

86 3236 254 3316 naturali3
268 3237 329 3300 uel
340 3235 489 3300 tandem
503 3253 548 3299 ex
564 3237 777 3322 infidelitate,
793 3252 856 3299 seu
870 3235 1079 3316 ignorantia
1091 3242 1127 3299 et
1138 3236 1209 3318 pri-

87 3341 407 3423 vationepositiva
442 3341 504 3407 vel
536 3341 711 3423 negativa
741 3338 824 3404 fidei
858 3340 1073 3422 catholicae,
1108 3339 1210 3404 velut

85 3448 205 3512 evenit
218 3447 256 3511 in
272 3447 435 3512 Statibus
454 3453 517 3511 aut
545 3447 667 3528 regnis
680 3446 975 3527 superstitionem
1000 3445 1209 3526 gentilicum

87 3550 200 3618 adhuc
218 3553 486 3635 profitentibus3
506 3553 590 3616 binc
608 3553 743 3635 triplex
761 3567 874 3633 genus
892 3551 1106 3615 societatum
1137 3568 1209 3615 non

86 3658 344 3724 catholicarum
361 3659 586 3740 distinguere
604 3661 661 3722 fas
675 3665 742 3722 est:
763 3657 957 3721 societates
990 3657 1209 3721 christianas

86 3766 295 3832 acatholicae
327 3783 392 3830 seu
425 3765 634 3830 dissidentes
651 3763 772 3846 quoad
788 3763 894 3827 fldem
911 3762 972 3827 vel
991 3762 1208 3827 communic·

85 3887 176 3954 nem,
195 3871 352 3954 ideoque
384 3871 589 3936 haereticas
621 3879 683 3934 aut
715 3869 979 3949 schismaticam
1014 3869 1211 3933 societates

86 3975 302 4042 christianas
316 3978 560 4063 indifferentes
585 3993 649 4041 seu
659 3975 943 4061 praescindentes
968 3979 1119 4056 propter
1150 3992 1209 4039 ne·

87 4083 281 4166 gerionem,
301 4087 365 4147 aut
382 4082 632 4148 exclusionem
650 4099 763 4146 verae
780 4080 980 4162 religionis;
1006 4097 1050 4144 ac
1067 4079 1210 4146 demum

86 4188 278 4253 societates
292 4189 437 4282 omnino
455 4188 610 4275 infideles
630 4189 675 4252 ob
692 4185 841 4252 totalem
855 4185 939 4250 fidei
956 4187 1157 4251 carentiam
1173 4191 1212 4250 et

87 4291 307 4361 christianae
324 4293 513 4375 religionis
529 4293 780 4358 nescientiam.
