3034 4990
806 391 982 454 -31‘2-

337 541 515 622 quatenus
540 538 712 622 potestati
729 538 868 604 altioris
886 543 921 604 et
939 537 1074 603 diversi
1092 533 1227 604 ordinis
1244 535 1431 618 subjacent,
1510 555 1511 613 i

336 645 383 710 ad
407 645 619 728 Ecclesiam,
646 647 795 730 ejusque
813 645 962 710 visibile
991 643 1433 727 CaputRomanumPonti·
1510 679 1511 721 3

336 752 451 834 licem,
471 769 663 835 personam
677 751 745 816 Dei
768 753 804 816 in
823 751 929 816 terris
947 761 1109 834 agentes,
1129 749 1274 814 omnino
1292 767 1367 814 esse
1384 748 1433 811 de-

335 859 487 924 serenda
506 865 605 944 (quoe
628 867 707 924 sunt
725 859 792 924 Dei
808 859 909 938 Dec):
926 857 978 922 2.⁰
998 859 1121 923 Docete
1149 877 1263 922 omnes
1278 864 1436 942 penita·—

338 966 415 1032 itti
438 967 526 1033 dabo
542 967 654 1032 clueas
671 967 766 1052 rapui
790 966 969 1046 coelorum,
988 971 1019 1030 et
1037 964 1267 1048 quodcumque
1284 964 1435 1048 lipaoeris

334 1093 439 1159 super
456 1081 597 1154 terram,
613 1073 679 1139 crit
709 1073 853 1158 lipatum
872 1079 904 1137 el
916 1071 953 1137 iu
966 1069 1238 1151 ocelim-Pasce
1254 1091 1331 1136 ones
1344 1089 1436 1148 meua

335 1179 513 1262 ejusmodi
531 1179 738 1262 evangelici
751 1185 871 1244 textus
885 1185 1012 1261 aperte
1026 1177 1173 1242 tradunt
1189 1177 1435 1242 institutionem
1504 1185 1505 1200 ¹

335 1287 527 1370 potestatis
540 1302 744 1368 supremae,
760 1285 939 1368 pleneque
951 1283 1229 1367 independentia
1242 1302 1265 1347 a
1282 1301 1435 1366 quacum·
1500 1342 1505 1365 ,

335 1409 405 1475 que
420 1391 570 1475 politica
586 1391 878 1456 auctoritatevel
894 1391 996 1455 civili
1028 1391 1248 1474 principatu,
1273 1390 1378 1455 Petro
1407 1395 1437 1454 et
1502 1428 1507 1441 ·

334 1499 517 1581 Apostolis
535 1515 731 1581 eorumque
747 1495 1003 1562 Succesoribus
1022 1497 1196 1563 divinitus
1212 1505 1249 1562 et
1266 1497 1436 1562 immedia-

334 1609 371 1671 te
388 1607 557 1671 collatae:
577 1605 630 1670 3.⁰
643 1605 758 1692 Elepil
772 1605 949 1671 duodecim
974 1627 1018 1670 ec
1034 1605 1121 1689 ipsis
1140 1609 1237 1689 (quos
1261 1614 1293 1670 et
1308 1605 1439 1690 Aposto-

334 1713 385 1778 los
402 1714 605 1791 nominavit)
632 1713 692 1794 (1);
713 1729 783 1794 quo
800 1711 1027 1793 significatur
1043 1710 1208 1778 fundatio
1224 1711 1406 1776 Ecclesiae
1421 1731 1439 1776 a

335 1817 476 1884 Christo
495 1818 713 1884 constitutae
728 1823 764 1882 et
776 1834 842 1900 per
854 1818 1049 1901 Apostolos
1065 1825 1305 1901 propagatae,
1337 1819 1440 1883 inrita

334 1924 478 2008 quidem
495 1931 532 1990 et
549 1925 825 1990 contradicente
841 1928 1023 2006 potestate
1040 1925 1234 1990 saeculari.

425 2030 583 2098 Eaditio
615 2031 796 2098 catholica.
830 2029 963 2095 Sensus
997 2031 1191 2096 universae
1224 2031 1439 2114 antiquitatis

333 2137 555 2204 christianae
572 2143 608 2204 et
624 2135 812 2202 Ecclesiae
831 2135 996 2202 doctrina
1030 2137 1076 2202 ab
1093 2138 1206 2220 ipsius
1234 2137 1439 2202 incunabilis

334 2242 380 2307 ad
392 2243 678 2309 recentissimam
693 2252 806 2327 usque
821 2247 978 2308 aetatem
990 2243 1093 2308 uobis
1105 2245 1231 2327 liquet:
1249 2247 1299 2308 1.⁰
1312 2263 1358 2310 ex
1365 2265 1439 2330 pra-

332 2351 371 2414 mi
387 2348 643 2436 Apostolorum
658 2350 792 2415 etenim
812 2351 846 2414 ni
878 2351 1060 2434 praeclari
1095 2357 1204 2434 atque
1232 2350 1439 2418 sanctissimi

334 2455 404 2521 viri
418 2457 591 2523 divinitus
625 2457 743 2522 edocti
771 2475 843 2522 non
875 2458 980 2524 modo
1014 2457 1201 2525 Ecclesiae
1230 2460 1438 2538 libertatem,

334 2563 483 2646 ejusque
496 2565 658 2630 nativam
672 2569 708 2630 et
726 2565 871 2630 insitam
889 2567 1171 2648 competentiam
1189 2584 1255 2650 pro
1274 2568 1379 2633 rebus
1394 2583 1440 2630 re·

332 2669 471 2752 ligiosis
484 2671 764 2754 praecipiendis,
779 2672 1008 2738 moderandis
1022 2691 1066 2738 ac
1080 2675 1341 2740 constituendis
1368 2692 1441 2738 con·

333 2780 472 2842 stanter
490 2783 779 2862 propugnarunt,
800 2797 925 2844 verum
941 2781 1049 2845 etiam
1064 2785 1248 2865 potestate
1272 2782 1442 2866 spirituali

334 2884 388 2949 usi
401 2889 483 2949 sunt
496 2885 605 2967 plena
621 2886 902 2969 independentia
919 2893 955 2952 et
967 2889 1105 2952 invicta
1122 2889 1347 2970 fortitudine,
1365 2888 1441 2971 quin

333 2991 371 3055 in
382 2993 556 3058 exercitio
570 2995 797 3058 auctoritatis
811 3013 952 3077 sacrae,
969 3013 1077 3079 quam
1094 2993 1259 3062 Christus
1276 2996 1440 3062 Dominus

332 3097 404 3162 illis
418 3099 634 3182 contulerat,
651 3101 869 3166 ordinationi
883 3103 1088 3185 principum
1102 3103 1161 3168 vel
1175 3103 1441 3186 magistratuum

333 3204 468 3285 placito
481 3223 562 3270 sese
573 3207 840 3290 submitterent,
856 3210 906 3273 uti
917 3211 1197 3292 magnanimiter
1207 3209 1396 3276 edixerunt
1411 3209 1441 3271 in

333 3309 508 3391 Synedrio
521 3311 754 3380 iudaeorum:
776 3315 920 3382 Obadire
937 3324 1070 3401 oportet
1102 3317 1177 3384 Deo
1209 3319 1319 3404 rroapis
1350 3337 1441 3402 quum

332 3417 523 3484 homiuibus
537 3421 597 3503 (2):
616 3421 669 3485 2.⁰
683 3440 728 3487 ex
742 3423 933 3509 Pontificius
949 3425 1184 3508 Documentia,
1198 3427 1234 3490 in
1249 3426 1377 3509 quibus
1390 3423 1440 3486 ab·

333 3525 451 3590 soluta
467 3527 654 3593 Ecclesiae
670 3530 952 3612 independentia
971 3535 1007 3596 in
1027 3534 1155 3600 ordine
1169 3535 1351 3618 spirituali
1376 3535 1441 3617 pla·

332 3649 378 3698 ne
391 3634 593 3700 affirmatur
606 3636 708 3700 velut
724 3636 890 3703 doctrina
907 3641 1090 3706 catholica
1109 3643 1254 3707 omnino
1280 3641 1441 3721 tenenda,

332 3743 546 3821 praesertim
560 3760 660 3824 vero,
691 3743 957 3813 Constitutione
973 3749 995 3812 J
998 3751 1127 3814 oannis
1145 3749 1253 3816 XXII
1270 3751 1365 3816 Licet
1389 3747 1441 3814 ad·

331 3860 460 3910 versus
494 3845 692 3914 Marsilium
723 3849 940 3919 Patauinum
969 3856 1153 3922 multoties
1186 3859 1313 3940 citata3
1346 3856 1443 3922 Bulla

335 3948 606 4020 Ooeuaevalore
639 3955 842 4038 dogmatico
877 3979 1021 4046 semper
1053 3965 1249 4048 gaudente,
1285 3964 1442 4050 quamuis

403 4223 441 4285 (l)
478 4223 541 4277 lura.
552 4241 611 4293 cap.
627 4228 677 4290 VI,
693 4245 716 4280 u.
735 4234 774 4284 la.

403 4297 441 4359 (2,
479 4297 538 4348 Aci.
553 4313 612 4364 cap.
627 4299 699 4358 V,u.
713 4307 754 4354 29.
