3030 4990
812 449 985 510 -Mb-

334 602 470 668 cultata
484 601 643 688 legifero,
650 597 820 686 judiciali
835 601 870 660 et
883 593 1091 670 crescentium
1106 606 1193 672 ergo
1207 587 1367 650 Potestas
1384 580 1445 646 lle-

336 709 471 777 clesiae
488 707 659 794 Suprema
673 709 740 771 est.

425 817 542 884 Minor
575 815 754 880 enuntiati
787 809 990 895 argumenti
1023 806 1161 872 duabus
1196 801 1360 886 partibus
1389 809 1448 862 aut

336 921 646 1012 propositionibus
664 925 820 1002 constat,
840 935 934 1001 qnae
948 913 1159 997 singillatim
1184 927 1228 975 ac
1256 909 1330 973 late
1357 905 1448 970 evin-

337 1033 476 1102 cendae
488 1036 573 1096 sunt
586 1037 736 1114 propter
746 1028 941 1092 maximam
955 1023 1060 1105 hujus
1069 1015 1344 1085 controversiae
1354 1029 1449 1096 prae·

338 1141 522 1208 stantiam.

426 1247 483 1312 80.
532 1246 767 1329 Summopere
786 1245 911 1325 refert,
931 1260 1011 1307 cum
1029 1239 1073 1304 de
1088 1239 1110 1304 J
1113 1251 1176 1302 ure
1208 1231 1355 1299 Publice
1382 1226 1449 1308 agi·

337 1359 408 1437 tur,
423 1359 508 1419 ante
523 1353 645 1418 omnia
659 1352 849 1418 adstruere
863 1357 971 1434 atque
998 1345 1188 1414 vindicare
1212 1336 1451 1406 necessariam

340 1463 549 1528 libertatem
562 1467 598 1526 et
611 1461 843 1526 essentialem
857 1456 1052 1523 Potestatie
1065 1447 1349 1520 Ecclesiastieae
1361 1441 1450 1508 inde·

339 1571 573 1655 pendentiam
592 1587 636 1634 ea
653 1573 772 1634 mente
788 1572 824 1632 et
841 1584 964 1648 scopo,
985 1568 1024 1629 ut
1051 1575 1200 1644 prorsus
1234 1552 1452 1635 disjiciuntnr

341 1685 377 1746 et
395 1679 555 1744 funditus
573 1679 788 1743 evertantur
802 1675 1031 1758 perniciosae
1046 1667 1209 1735 theoriae
1226 1669 1336 1746 atque
1363 1675 1452 1723 erro-

229 1871 237 1874 „
341 1805 412 1852 nea
429 1791 643 1870 systemata,
664 1801 756 1867 quae
774 1783 1036 1862 Protestantes,
1065 1773 1308 1852 Caesaristae,
1335 1768 1454 1834 Janee·

340 1895 456 1975 niani,
475 1891 697 1974 Regalistae,
718 1892 928 1974 caeterique
946 1905 1070 1954 omnes
1084 1880 1261 1949 neoterici
1276 1874 1453 1944 Ecclesiae

341 1999 555 2066 Catholicae
574 1999 697 2065 hostes
716 1999 908 2064 commenti
937 2001 1031 2077 sunt,
1066 1990 1222 2074 Regibus
1253 1983 1454 2068 adjudicare

341 2127 416 2176 non
435 2110 544 2174 veriti
555 2109 614 2191 jus
627 2105 908 2188 interveniendi,
924 2100 1113 2188 judicandi
1141 2103 1177 2163 et
1203 2090 1402 2180 imperandi
1422 2087 1453 2150 in

340 2234 399 2282 res
417 2217 620 2298 religiosas.

430 2323 451 2388 J
456 2341 522 2388 ura
540 2322 678 2387 idcireo
696 2321 941 2386 sacratissima
961 2312 1146 2382 societatis
1164 2309 1339 2374 divinitus
1365 2301 1454 2369 insti·

343 2432 454 2509 tutae,
473 2445 755 2512 supremamque
772 2427 850 2509 ejus
864 2415 1183 2506 independentiam
1202 2413 1296 2478 tueri
1313 2427 1356 2475 ac
1384 2425 1453 2490 pro·

343 2551 508 2621 pugnare
526 2537 688 2618 cogimur
718 2535 813 2600 omni
846 2533 1142 2614 argumentorum
1171 2537 1306 2606 genere
1339 2523 1454 2582 contra

344 2643 567 2709 tolnetarios
586 2645 787 2708 conatnset
813 2636 1041 2704 execrabiles
1070 2630 1339 2713 usurpationes;
1371 2619 1455 2707 quod

343 2755 381 2816 ut
398 2751 525 2816 melius
542 2753 749 2832 praestetur
764 2751 799 2812 et
815 2746 958 2829 plenior
976 2743 1012 2808 in
1032 2759 1071 2805 re
1088 2737 1182 2804 tanti
1210 2733 1382 2801 momenti
1403 2729 1454 2792 ha·

342 2859 473 2923 beatur
488 2856 761 2936 demonstratio,
796 2853 954 2936 plenam,
989 2846 1194 2913 absolutam
1226 2837 1455 2909 omnimodum

343 2964 520 3028 Potestati
537 2961 819 3027 Ecclesiasticae
839 2963 1048 3040 competere
1069 2947 1395 3034 lndependentiam
1411 2959 1454 3006 os·

342 3068 532 3135 tendemus
550 3067 772 3150 argumentis
787 3083 832 3129 ex
862 3065 974 3130 Sacra
1007 3061 1212 3142 Scriptura,
1244 3053 1453 3127 Traditione,

344 3174 519 3256 Historia,
540 3172 775 3238 Confessione
789 3171 1055 3253 Imperatorum
1086 3164 1385 3239 Christianorum,
1406 3155 1453 3220 lu·

344 3294 384 3342 re
416 3275 613 3360 Canonico,
649 3277 800 3341 Ratione
829 3281 866 3339 et
893 3272 1162 3338 Ecclesiasticis
1192 3261 1455 3334 Deflnluonibus

345 3385 510 3465 sumptis.

434 3489 489 3554 81.
540 3487 721 3553 Probatur
740 3485 1092 3569 l.⁰lndependentia
1122 3482 1321 3548 Potestatis
1349 3473 1456 3542 Eccle-

347 3596 519 3660 siastlcae
538 3613 582 3659 ex
600 3593 712 3658 Sacra
731 3593 926 3678 Scriptura.
944 3593 1045 3658 Inter
1063 3589 1273 3657 testimonia
1291 3599 1401 3670 prope
1415 3579 1456 3640 in·

347 3719 511 3782 numera,
531 3719 624 3785 quae
642 3719 686 3764 ex
706 3700 847 3764 Divinis
863 3699 1010 3764 Litteris
1028 3716 1093 3781 pro
1112 3703 1241 3762 nostra
1271 3689 1456 3760 assertione

348 3806 637 3871 constabilienda
651 3805 780 3870 adduci
795 3813 953 3887 possent,
969 3805 1038 3870 duo
1057 3807 1199 3869 tantum
1217 3807 1342 3868 textus
1354 3788 1456 3872 seligi·

348 3927 439 3990 mua,
454 3911 661 3975 notissimos
679 3911 842 3993 equidem
869 3915 904 3976 et
933 3927 1197 3993 saepenumero
1229 3908 1374 3986 allatos,
1405 3890 1456 3960 sed

236 4069 242 4080 .
350 4012 480 4077 thesim
499 4015 909 4096 dogmatico-jnridicam
928 4017 1036 4098 plane
1053 4015 1306 4081 conficientes.

440 4118 603 4184 Christus
622 4121 806 4203 Dominus,
822 4141 901 4187 cum
916 4123 956 4188 B.
990 4123 1099 4189 Petro
1128 4123 1330 4188 Primatum
1362 4121 1457 4178 verae

348 4223 611 4304 jurisdictionis
644 4245 754 4308 supra
782 4230 1027 4294 universalem
1057 4231 1263 4296 Ecclesiam
1292 4219 1458 4312 pollicitus

350 4333 420 4409 est,
441 4335 607 4394 naturam
625 4333 813 4412 potestatis
831 4334 883 4398 illi
897 4337 1142 4402 conterendae
1157 4339 1210 4403 ita
1224 4333 1396 4420 explicite
1409 4321 1455 4384 de·
