3146 4980
795 337 973 398 .-438-

326 483 387 562 (ll.
408 481 453 546 Et
469 498 558 544 sane
576 497 667 544 unus
685 485 740 544 est
757 479 1011 563 Episcopatus,
1030 479 1227 544 secundum
1240 479 1276 545 S.
1292 479 1446 564 Cypria-

325 589 362 652 ni
380 595 548 667 mentem,
563 605 635 650 non
653 586 795 668 quidem
813 588 933 670 quoad
950 587 1205 656 auctoritatem
1233 593 1270 650 et
1297 587 1440 668 J'urisdi·

326 695 494 774 ctionem,
520 692 584 758 sed
612 695 753 756 ratione
782 693 946 774 originis,
973 699 1126 756 naturae
1157 709 1201 756 ac
1229 692 1442 772 identitatis

327 808 504 883 quatenus
519 817 643 865 omnes
660 800 892 882 episcopatus
910 801 1153 882 particulares
1170 799 1217 862 ab
1249 798 1441 882 Episcopa-

328 914 366 971 tu
383 907 557 988 Romano,
572 907 674 972 velut
690 907 736 970 ab
754 908 907 988 origine,
922 907 1109 970 exordium
1127 916 1324 986 sumentes,
1340 907 1443 986 eique

329 1021 512 1094 tamquam
526 1013 641 1077 radici
660 1012 913 1092 adhaerentes,
934 1014 1109 1094 cumipse
1127 1029 1235 1076 unum
1260 1011 1444 1092 pastorale

328 1137 459 1200 corpus
475 1119 709 1198 constituunt;
731 1137 910 1201 unumque
927 1120 1089 1182 alliciunt
1106 1119 1357 1200 episcopatum
1367 1117 1440 1180 uni-¹

328 1226 522 1306 versalem,
542 1227 644 1304 eujus
657 1226 883 1308 principatus
896 1226 1056 1289 Romano
1075 1225 1241 1290 Pontifici
1259 1225 1441 1305 competit:

328 1331 458 1396 deinde
476 1333 584 1394 etiam
599 1331 732 1412 singuli
749 1331 920 1414 Episcopi
938 1339 1078 1413 purtem
1093 1332 1205 1399 illius‘
1215 1333 1442 1412 episcopatus

329 1439 447 1517 unius,
464 1439 681 1502 universalis
712 1444 748 1501 et
777 1437 952 1502 individui
972 1441 1007 1501 ia
1037 1439 1186 1502 solidum
1218 1441 1354 1516 tenent,
1375 1453 1440 1499 non

329 1545 424 1626 quod
435 1545 638 1624 jurisdictio
654 1552 690 1608 et
704 1545 860 1624 dignitas
875 1545 1029 1608 onmium
1045 1543 1306 1626 Episcoporum
1320 1541 1439 1606 eadem

329 1652 377 1714 sit
395 1669 438 1713 ac
458 1651 607 1714 Romani
626 1651 821 1729 Pontificis,
857 1651 919 1713 sed
939 1653 1079 1714 ratione
1093 1649 1228 1714 ordinis
1256 1657 1293 1711 et
1320 1650 1439 1712 chara·

330 1759 438 1820 cteris
455 1757 686 1837 episcopalis,
702 1759 763 1839 qui
781 1758 824 1820 de
854 1775 893 1820 se
921 1757 1152 1821 indivisibilis
1187 1762 1251 1835 cst,
1282 1763 1442 1836 totusque

330 1863 425 1926 inest
439 1863 482 1926 iis
500 1863 676 1942 omnibus,
696 1864 825 1945 quibus
842 1865 1059 1946 imprimitur
1077 1880 1142 1944 per
1160 1863 1321 1926 validam
1339 1873 1373 1926 et
1395 1861 1438 1922 le·

329 1969 492 2050 gitimam
521 1971 845 2034 consecrationem.
888 1969 941 2034 Ex
972 1970 1170 2052 praejactis
1203 1969 1239 2032 S.
1274 1968 1439 2050 Cypriani

330 2075 453 2140 verbis
467 2076 649 2158 colligitur
668 2085 741 2141 tum
758 2081 910 2159 gradum
928 2079 1174 2159 episcopalem
1191 2095 1273 2140 esse
1282 2078 1369 2158 juris
1393 2075 1437 2138 di-

331 2183 420 2261 vini,
441 2185 574 2264 quippe
591 2185 708 2249 unitae
726 2187 957 2265 episcopatus
974 2185 1010 2247 in
1028 2185 1218 2248 identitate
1241 2185 1318 2263 ejus
1345 2183 1436 2246 insti-

331 2289 478 2352 tutionis
497 2306 540 2353 ac
558 2297 712 2354 naturae
730 2291 913 2370 fulciatur,
933 2297 1006 2354 turn
1021 2291 1219 2354 Romanum
1239 2289 1437 2353 Pontificem

330 2395 430 2458 nullo
449 2405 555 2476 pacto
572 2413 678 2476 posse
696 2397 796 2460 illum
815 2397 963 2460 abolere
981 2403 1044 2460 aut
1075 2398 1126 2459 ita
1158 2396 1438 2477 restringerent

331 2499 456 2563 divina
474 2502 649 2565 institutio
666 2503 802 2566 inutilis
828 2520 975 2584 prorsus
1007 2503 1154 2583 evadat,
1185 2520 1265 2566 cum
1298 2499 1439 2582 singulis

331 2605 521 2688 Episcopis
539 2625 623 2688 pars
643 2608 678 2671 in
697 2609 850 2672 solidum
868 2609 1051 2672 incumbat
1078 2609 1180 2672 unius
1205 2610 1437 2690 episcopatus,

332 2713 400 2776 etsi
417 2715 482 2776 sub
500 2714 743 2794 dependentia
758 2715 922 2797 Supremi
938 2716 1111 2778 Pastoris.

421 2820 472 2882 3.⁰
520 2819 655 2884 Eadem
670 2824 805 2884 veritas
824 2841 844 2884 a
863 2821 1019 2885 Maximo
1046 2821 1204 2886 Doctore
1217 2820 1253 2886 S.
1273 2819 1437 2898 Hierony·

332 2942 389 2988 mo
409 2927 678 3004 corroboratur,
706 2929 767 3008 qui
794 2927 863 2990 hac
895 2928 939 2991 de
968 2935 1007 2990 re
1032 2927 1083 2990 ita
1101 2928 1240 2991 scribit:
1271 2928 1309 2992 Si
1335 2933 1439 2991 auclo-

332 3033 421 3094 ritus
443 3034 633 3113 quaeritur,
660 3035 752 3098 orbis
776 3037 889 3118 major
918 3041 967 3098 est
984 3035 1077 3097 urbe.
1114 3033 1321 3118 Ubicumque
1340 3031 1439 3116 suerit

332 3138 524 3219 episcopus,
550 3141 620 3202 sive
641 3141 781 3218 Romus,
816 3143 886 3203 sioe
917 3139 1078 3223 Eupabz't',
1110 3141 1182 3204 sive
1213 3139 1443 3229 Corrataatiao·¹

327 3243 414 3326 poli,
447 3251 522 3322 etc,
542 3247 693 3328 ejusdem
713 3247 828 3310 mariti
848 3253 879 3310 et
905 3247 1056 3332 ejusdem
1090 3255 1140 3309 est
1169 3247 1355 3310 sacerdotii
1385 3243 1439 3332 (Ὦς

332 3348 492 3430 loquitur
509 3352 602 3414 enim
618 3351 795 3414 Maximus
815 3351 961 3430 Doctor,
981 3353 1073 3414 sicut
1086 3351 1121 3416 S.
1142 3349 1359 3434 Cyprianus
1377 3366 1437 3412 non

333 3455 376 3518 de
394 3463 575 3536 potestate
607 3464 644 3520 et
657 3458 921 3538 jurisdictione,
941 3458 1004 3521 sed
1028 3459 1072 3522 de
1090 3459 1242 3540 origine,
1271 3459 1390 3522 ordine
1408 3463 1441 3518 ct

332 3563 559 3644 charactere,
579 3570 687 3645 atque
705 3565 742 3628 in
758 3563 826 3628 hoc
843 3582 951 3628 sensu
965 3566 1096 3628 asserit
1108 3583 1233 3630 omnes
1252 3565 1440 3647 Episcopos

333 3686 414 3732 esse
432 3670 593 3750 ejusdem
627 3671 745 3734 meriti
762 3677 798 3734 et
815 3671 1011 3735 sacerdotii
1030 3673 1172 3735 ratione
1189 3671 1336 3736 diuinae
1351 3667 1438 3735 insti·

333 3776 493 3839 tutionis:
511 3775 603 3839 unde
619 3777 728 3840 facile
748 3778 885 3841 eruitur
905 3778 1084 3840 Romanos
1101 3777 1293 3842 Pontifices
1313 3779 1348 3840 vi
1377 3774 1441 3856 pri-

334 3889 450 3946 matus
465 3901 571 3964 posse
592 3885 756 3965 proiecto
774 3885 993 3966 episcopalis
1023 3884 1286 3965 jurisdictionis
1314 3881 1441 3948 exerci-

335 4035 517 4046 n--.-.-.-...-

405 4166 442 4229 (1)
479 4165 539 4218 Lib.
550 4165 594 4218 De
606 4166 674 4219 arrii.
686 4163 787 4222 Eccles.
797 4182 861 4233 pag.
877 4168 918 4224 93.

404 4241 442 4304 (ll)
480 4237 563 4303 Epist
589 4240 639 4289 146
653 4237 689 4291 ad
704 4238 890 4306 Evangelium.
901 4237 974 4290 Edit.
994 4237 1115 4292 Vallars.

752 4531 758 4562 l
