3024 4994
796 401 972 463 -270-

321 549 380 612 tra
397 563 622 612 communem
639 547 763 631 populi
776 547 981 612 utilitatem:
1011 545 1235 612 Democrotia
1251 545 1306 610 ita
1335 543 1437 610 hodie

322 657 405 738 post
417 655 676 722 Bellarminum
693 657 930 722 communiter
957 654 1145 739 appellata
1159 654 1219 740 (1),
1234 653 1271 718 in
1284 671 1355 738 qua
1379 671 1436 717 au-

323 763 475 828 ctoritas
488 763 635 830 socialis
649 764 783 830 residet
795 764 891 849 apud
903 781 1027 830 omnes
1040 763 1141 830 cives
1155 761 1337 828 collectim
1349 779 1436 826 sum-

322 873 404 952 ptos
421 871 510 936 utin
524 872 686 958 subjecto,
705 872 801 956 opud
820 873 942 956 plures
957 875 1077 936 autem
1092 869 1211 953 quoad
1224 869 1438 946 exercitium

320 975 405 1041 huic
421 977 541 1042 lomae
571 980 766 1062 opponitur
793 979 1005 1066 damopopia‚
1024 995 1118 1062 quae
1136 980 1222 1060 apte
1240 975 1312 1040 dici
1342 975 1438 1039 valet

321 1083 542 1168 inordinata,
573 1085 783 1152 turbulenta
799 1090 835 1152 et
861 1085 1034 1152 seditiosa
1050 1087 1213 1168 potestas
1239 1100 1305 1149 seu
1332 1081 1436 1146 domi-

321 1191 420 1256 nium
438 1191 575 1276 populi,
593 1192 727 1258 bonum
744 1193 929 1277 proprium
945 1181 1167 1258 intendentis
1185 1194 1314 1257 contra
1343 1189 1436 1254 nobi·

321 1297 375 1362 les
392 1297 524 1364 divites
537 1303 575 1364 et
590 1299 816 1383 reipublicae
834 1301 1040 1366 utilitatem.

411 1403 466 1470 Ex
479 1407 721 1490 permixtione
751 1406 901 1472 duarum
932 1407 993 1472 vel
1021 1406 1179 1471 omnium
1210 1401 1435 1486 simplicium,

322 1516 385 1578 sut
402 1513 512 1579 etiam
526 1531 572 1579 ex
589 1513 737 1579 diversa
750 1513 1084 1596 praeponderantia
1097 1512 1201 1578 unlus
1215 1527 1279 1575 seu
1292 1509 1437 1574 alterius

322 1621 493 1686 elementi
509 1639 708 1705 exsurgere
727 1624 863 1704 queunt
896 1619 1074 1704 plurimae
1107 1618 1321 1700 varietates,
1351 1631 1438 1700 queo

322 1726 463 1792 formae
495 1729 627 1794 mistae
643 1727 870 1793 denominari
901 1727 1032 1809 solent,
1049 1725 1101 1790 uti
1112 1721 1436 1792 Monarctio-Ari·

322 1835 507 1900 stomatice
519 1835 579 1900 vel
589 1835 842 1917 Democrotico,
858 1831 1435 1912 Aristocratio-Democratica‚De·

322 1939 803 2024 ancoralia-Aristocraten,
823 1941 990 2024 aliaeque
1022 1939 1058 2006 id
1090 1957 1204 2022 genus
1222 1938 1438 2022 compositae

322 2047 474 2113 formae.

413 2155 490 2220 168.
538 2155 604 2220 His
618 2155 858 2238 praenotatis,
878 2155 1066 2238 quaeritur
1082 2153 1238 2239 primum
1266 2151 1364 2217 auin
1389 2166 1437 2212 re-

322 2261 456 2344 gimine
476 2263 726 2329 ecclesiastico
751 2264 798 2328 sit
815 2263 1033 2328 elementum
1062 2259 1358 2327 democraticum:
1377 2273 1436 2340 pro

322 2368 392 2433 hoe
405 2370 619 2452 quaestione
632 2371 785 2454 praevia
798 2371 907 2453 plane
921 2374 959 2435 et
970 2367 1179 2450 categoriae
1192 2364 1368 2434 solvenda
1381 2381 1435 2428 va·

322 2473 516 2542 lidiasimas
543 2480 704 2544 rationes
722 2483 758 2544 et
775 2477 1014 2546 invictissima
1032 2481 1262 2562 argumenta,
1292 2493 1372 2541 cum
1397 2472 1436 2537 de

323 2597 487 2649 errorum
503 2584 777 2669 impugnatione
790 2589 934 2669 agatur,
954 2603 1019 2651 suo
1038 2586 1119 2650 loco
1136 2586 1347 2664 afferemus3
1364 2597 1435 2666 spe·

323 2687 463 2755 ciminia
480 2693 620 2775 gracia,
638 2693 791 2758 satisslt
823 2694 904 2758 heic
934 2693 1100 2776 generali
1129 2691 1436 2775 argumentatione
1501 2687 1502 2706 ³

323 2793 573 2864 demonstrare
587 2800 633 2864 ab
649 2799 838 2865 Ecclesiae
857 2801 1034 2884 regimine
1064 2817 1146 2866 esse
1162 2799 1308 2864 omniuo
1325 2795 1434 2862 exolu-

260 2983 263 2988 .
322 2917 400 2968 sum
428 2905 645 2971 elementum
672 2907 968 2991 democraticum,
1004 2909 1159 2991 ideoque
1178 2923 1371 2992 perperam
1399 2918 1436 2966 ac

323 3009 544 3091 nequissima
557 3015 677 3078 mente
689 3013 889 3080 Marsilium
902 3014 1121 3081 Patauinum
1134 3021 1170 3078 et
1184 3013 1433 3088 Protestantes,

323 3131 464 3181 necnon
481 3118 686 3186 Richerium
704 3127 814 3205 atque
832 3123 1052 3188 Febronium
1081 3139 1291 3206 supremam
1323 3119 1435 3184 Eccle-

323 3221 399 3287 siae
416 3230 635 3307 potestatem
652 3229 751 3312 plebi
765 3229 951 3313 detulisse,
973 3233 1009 3295 et
1025 3248 1091 3315 per
1120 3249 1202 3296 eam
1219 3227 1435 3312 Principibus
1500 3221 1501 3230 ’

322 3329 584 3416 saecularibus,
606 3335 789 3402 autetiam
803 3337 964 3403 Romano
982 3337 1149 3403 Pontifici
1179 3355 1225 3402 ac
1242 3333 1432 3419 Episcopis.

412 3435 457 3501 Et
486 3457 526 3504 re
544 3439 687 3523 quidem
701 3459 803 3524 vera,
823 3443 888 3508 sub
905 3447 1078 3526 respectu
1096 3441 1286 3526 regiminis
1299 3445 1335 3507 et
1347 3443 1434 3524 pote·

322 3543 427 3607 statis
443 3561 487 3608 ea
514 3549 701 3630 proportio
719 3551 838 3632 posita
854 3555 910 3616 est
928 3569 950 3615 a
969 3549 1112 3616 Christo
1127 3549 1223 3616 iuter
1248 3549 1434 3615 Romanum

322 3647 532 3715 Pontificem
550 3657 660 3736 atque
677 3655 833 3738 plebem,
866 3675 960 3740 quoe
993 3662 1048 3724 est
1076 3659 1173 3724 inter
1202 3659 1381 3724 Pastorem
1405 3653 1435 3716 et

322 3771 470 3838 prepona-
486 3774 581 3823 nunc
608 3778 709 3844 vero,
724 3761 819 3826 sicut
831 3763 1028 3829 absurdum
1046 3768 1144 3830 esset
1163 3781 1331 3829 asserere
1353 3777 1433 3828 sum·

324 3874 419 3922 mam
436 3863 621 3944 regiminis
638 3873 856 3950 potestatem
873 3871 910 3934 in
927 3871 1006 3953 ipso
1022 3889 1135 3955 grege
1153 3872 1328 3954 residere,
1348 3865 1433 3934 stab

325 3961 451 4030 eodem
466 3973 591 4048 pastor
618 3973 777 4040 conferri
792 3983 855 4040 aut
873 3979 1108 4061 comunicari,
1130 3981 1183 4045 ita
1215 3979 1325 4046 etiam
1357 3989 1432 4044 vere

326 4107 483 4123 ——0—-2

326 4233 511 4361 cars(r1ls)slrth'.
522 4238 623 4295 Tomos
636 4257 698 4297 eum
714 4247 865 4302 Aristotele
876 4265 939 4304 eam
967 4252 1101 4308 Potitium
1116 4257 1161 4310 vel
1174 4252 1377 4325 Menelaum
1397 4265 1433 4304 vo·
