3146 4980
602 380 780 438 ..441-

123 540 201 606 que
217 523 352 605 optimo
365 523 448 605 jure
462 539 628 588 asserere
642 540 831 605 possumus
848 525 1106 590 auctoritatem
1119 527 1255 610 prima·

122 631 254 696 tialem
270 629 515 694 Romanorum
531 629 758 708 Pontificum,
775 628 873 694 Petri
889 629 1161 712 Successorum,
1183 651 1257 698 non

123 734 326 800 excludere
353 739 574 819 potestatem
599 735 821 800 ordinariam
842 741 878 800 et
903 736 1058 819 gradum
1092 737 1256 805 divinum

124 840 407 924 Episcoporum,
425 844 550 925 quiex
562 841 631 907 Dei
650 841 888 925 dispositione
902 841 1087 908 Summum
1112 843 1257 910 Pontid-

125 965 210 1014 cem
226 947 408 1030 adJuvant
424 949 463 1014 in
479 948 729 1014 ecclesiastico
745 949 935 1031 regimine.

533 1265 797 1332 ARTICULUS
809 1266 857 1332 X.

577 1474 817 1526 SUMMARIUM.

124 1671 192 1724 279.
211 1668 250 1721 bf*
269 1669 371 1723 Thesis
384 1669 522 1724 adversus
535 1685 644 1723 errores
656 1669 878 1724 oucctocroiioos:
893 1668 1018 1724 Christus
1033 1668 1165 1724 Dominus
1179 1667 1259 1739 Ropi-

202 1739 251 1793 bue
262 1739 304 1793 vel
315 1739 491 1809 Principibus
501 1740 686 1795 secuduribuo
698 1741 802 1794 nuttam
812 1739 927 1794 contulit
935 1744 1097 1808 potestatem
1109 1742 1138 1793 in
1150 1757 1195 1794 res
1206 1740 1259 1809 api·

202 1812 326 1874 riuum
340 1811 451 1879 ideoque
462 1817 596 1880 nequeunt
604 1811 655 1880 jur
663 1813 808 1880 proprium
815 1811 867 1866 sibi
879 1811 1018 1866 vindicare
1026 1811 1259 1866 ameimmisoeudt'

201 1882 231 1936 in
256 1882 434 1937 ecclesiastico
456 1883 695 1952 reprimitis—280.
724 1889 898 1949 Argumenta
922 1885 1103 1950 proteritate
1116 1885 1259 1938 catholica

201 1953 375 2007 vindicanda
391 1957 485 2008 -281,
507 1954 639 2008 Probatio
657 1970 693 2006 ex
719 1956 802 2007 Sacra
824 1957 967 2021 Scriptura
991 1955 1256 2022 desumpta-usa.

202 2025 376 2078 Traditionis
396 2029 663 2080 consensus—uss.
692 2027 839 2079 Ecclesiae
857 2027 1055 2082 Definitiones.

219 2219 297 2284 279.
346 2220 496 2303 Populo,
511 2221 739 2303 Presbyteris
756 2224 793 2285 et
820 2220 1012 2304 Episcopis
1043 2239 1065 2284 a
1097 2241 1258 2305 supremo

127 2325 320 2392 Ecclesiae
333 2328 510 2409 regimine
528 2329 696 2408 exclusis,
715 2327 912 2392 videndum
945 2327 1064 2392 adhuc
1093 2332 1260 2392 remanet

127 2450 215 2498 num
234 2432 392 2515 Regibus
410 2437 446 2498 et
473 2432 627 2498 Summis
658 2433 928 2514 Imperantibus
962 2433 1001 2498 vi
1031 2434 1259 2516 principatus

128 2539 192 2604 vel
210 2556 404 2621 supremae
429 2540 657 2604 auctoritatis
684 2541 842 2621 socialis,
862 2559 935 2623 qua
953 2540 1050 2622 apud
1067 2550 1194 2623 gentes
1223 2544 1260 2605 et

128 2645 300 2710 nationes
318 2646 498 2726 fruuntur,
518 2651 702 2728 competet
711 2647 771 2726 Jus
784 2647 821 2710 in
834 2664 942 2710 sacra
956 2653 1020 2710 aut
1036 2646 1167 2709 saltem
1198 2664 1259 2727 po-

128 2757 246 2816 testas
263 2751 444 2817 indirecta
460 2770 542 2817 sese
560 2753 733 2818 miscendi
765 2753 803 2816 iu
820 2752 928 2816 rebus
959 2752 1256 2834 disciplinaribus

127 2861 169 2923 et
181 2865 337 2922 externa
353 2857 542 2923 Ecclesiae
560 2858 701 2940 politia.

219 2963 298 3030 Hac
315 2981 425 3047 super
441 2982 482 3029 re
495 2965 539 3030 de
553 2966 648 3050 facto
668 2965 790 3047 plures
808 2965 904 3028 omni
918 2969 1041 3030 aetate
1054 2970 1094 3028 et
1106 2963 1255 3028 diversa

128 3072 326 3136 occasione
343 3071 564 3136 acatholica
596 3072 755 3135 veritate
783 3071 1016 3150 aberrarunt;
1037 3071 1175 3157 dejure
1195 3089 1259 3136 eu·

128 3182 206 3242 tem
223 3179 432 3244 novissimis
464 3178 700 3260 temporibus,
730 3197 753 3242 a
779 3178 1082 3244 Protestantismo
1112 3196 1257 3262 nempe,

129 3284 240 3348 varia
258 3283 414 3348 conficta
431 3287 516 3348 sunt
543 3289 743 3364 systemata
768 3301 813 3347 ea
845 3290 965 3348 mente
998 3293 1033 3347 et
1062 3301 1186 3365 scopo,
1223 3289 1261 3347 ut

127 3391 362 3474 Principibus
380 3391 586 3456 vindicetur
598 3396 636 3454 et
650 3390 823 3472 politicae
836 3391 1010 3472 potestati
1028 3390 1259 3454 adscribetur

128 3500 292 3564 facultas
307 3499 457 3582 propria
469 3516 513 3563 ao
526 3499 653 3562 nativa
666 3497 923 3579 cognoscendi,
932 3497 1134 3578 judicandi,
1147 3506 1259 3580 atque

128 3605 178 3670 de
197 3605 353 3687 negotiis
372 3603 634 3668 ecclesiasticis
651 3603 853 3668 dirimendi.

222 3712 324 3777 Inter
341 3727 567 3776 omnesvero
585 3714 796 3790 sectatores,
821 3709 883 3791 qui
916 3708 1093 3791 ejusmodi
1128 3708 1259 3773 delira-

129 3823 257 3884 menta
274 3833 510 3900 propugnare
526 3822 563 3880 et
595 3833 727 3906 magno
758 3820 863 3880 aestu
896 3814 1103 3880 diffundere
1136 3815 1259 3880 conati

129 3931 230 4005 sunt,
250 3925 411 3989 eminent
427 3922 584 4005 patroni,
599 3922 762 3986 fautores
775 3927 812 3986 et
828 3921 1113 4004 adstipulatores
1141 3921 1258 4003 Rega-

129 4030 241 4112 lismi,
260 4031 327 4095 sub
344 4048 417 4114 qua
430 4028 725 4094 denominatione
755 4029 910 4093 veniunt
941 4044 1085 4092 errores
1119 4037 1259 4095 nuceto·

130 4138 258 4204 cretici
283 4135 498 4219 nuncupati,
518 4152 560 4199 eo
580 4134 675 4217 quod
702 4134 859 4216 Regibus
877 4138 914 4198 et
938 4133 1169 4217 Principibus
1197 4137 1260 4201 tri·

131 4245 249 4310 bnant
263 4242 464 4308 indebitum
490 4257 705 4306 concursum
738 4247 774 4306 et
801 4241 1031 4323 illegitimam
1061 4242 1260 4326 participu-
