3120 4988
581 393 718 454 ..9,

108 539 285 623 propositis
304 542 489 622 tamquam
505 538 741 622 legislatrice,
763 556 835 603 non
864 540 916 605 uti
941 539 1116 625 magistre
1145 542 1205 625 (1).

187 649 234 712 11.
280 647 301 712 J
305 665 345 712 us
363 647 549 712 Publicum
566 645 868 712 Ecclesiasticum
888 653 990 713 recte
1018 649 1205 714 dividitur:

109 753 152 817 1.⁰
168 755 199 820 in
214 759 384 824 internum
405 759 516 837 atque
532 761 713 820 externum
728 752 796 834 32.o
813 754 849 818 in
867 755 1025 820 diuinum
1042 760 1078 820 et
1090 755 1207 820 buma-

107 883 188 928 num.
204 865 379 930 internum
406 860 497 926 illud
530 861 675 926 dicitur:
705 862 797 945 quoti
829 863 1208 948 naturamjuridicam,

107 969 247 1036 intimem
263 970 537 1036 constitutionem
553 977 586 1034 et
616 969 778 1034 socialem
807 968 985 1034 Ecclesiae
1003 978 1210 1055 potestatem

108 1077 307 1158 determinat·
319 1085 499 1143 externum
517 1076 712 1159 apellatur:
732 1076 822 1160 quoti
839 1085 998 1142 versatur
1014 1079 1109 1142 circa
1121 1078 1210 1142 reta·

108 1185 381 1271 tionesjuridicas
398 1183 573 1250 Ecclesiae
591 1204 668 1248 cum
694 1184 778 1248 eliis
796 1185 1016 1250 societatibus
1028 1185 1208 1270 perfectis,

107 1293 168 1356 eisc
190 1294 373 1376 catholicis,
393 1294 464 1358 siue
482 1292 695 1374 acatholicis,
710 1293 782 1356 siue
808 1292 1018 1378 infidelibus,
1044 1292 1210 1373 divinum,

105 1399 347 1482 fundamentale
364 1417 427 1466 seu
441 1400 621 1465 essentiale
636 1400 744 1463 etiam
761 1405 1021 1481 nuncupatum,
1037 1403 1103 1462 est:
1122 1398 1211 1483 qnoct

107 1506 212 1591 definit
223 1509 515 1593 fundamentalem
528 1507 705 1573 Ecclesiae
719 1509 1006 1583 constitutionem,
1025 1515 1056 1572 et
1073 1508 1210 1572 relatio·

107 1633 157 1678 ues
167 1616 358 1682 essentiales
372 1636 447 1680 cum
465 1617 610 1680 caeteris
624 1617 844 1680 societatibus
859 1637 902 1680 en
916 1615 1212 1700 naturajuriclica

108 1725 243 1810 ejusdem
267 1725 493 1812 profluentes·
521 1724 707 1791 lunianum
739 1730 907 1789 vocatur:
943 1723 1033 1808 quod
1071 1723 1213 1806 respicit

108 1833 363 1898 constitutionem
380 1833 627 1899 accidentalem
641 1834 683 1898 ab
700 1835 780 1917 ipsa
793 1831 950 1897 Ecclesia
962 1853 1031 1915 pro
1049 1853 1110 1896 suo
1127 1831 1212 1915 repi-

108 1939 187 2002 nine
201 1938 384 2020 inductam,
404 1947 436 2004 et
454 1940 641 2006 relationes
657 1940 886 2004 secundarius
904 1959 978 2004 cum
994 1939 1077 2003 aliis
1108 1938 1212 2002 socie·

108 2045 221 2110 tatibus
227 2046 397 2132 perfectis
412 2054 508 2114 ortas
521 2069 564 2114 ea
571 2048 689 2132 pactis
706 2049 796 2112 inter
813 2054 994 2130 utramque
1005 2053 1213 2130 potestatem

109 2151 204 2219 initis.

185 2261 321 2329 Dicitur
338 2263 527 2329 humanum
542 2262 611 2327 hoc
625 2263 695 2346 jus,
714 2263 801 2346 quie
818 2262 920 2344 origo
932 2261 1108 2343 ejusmodi
1131 2277 1213 2324 con·

110 2369 287 2435 stitutionis
304 2375 340 2434 et
352 2370 572 2437 relationum
586 2375 642 2434 est
652 2371 823 2452 humana,
837 2386 918 2433 cnm
933 2369 978 2432 ab
992 2370 1072 2450 ipse
1088 2367 1212 2433 Eccle-

110 2473 166 2557 sia,
183 2478 239 2543 vel
257 2477 349 2559 sola,
370 2477 432 2542 vel
450 2479 649 2561 conjugata
666 2477 891 2561 reipublicae
918 2477 1031 2558 civili,
1051 2475 1212 2558 proficis·

112 2590 211 2650 cetur.

598 2801 619 2879 ἓ
642 2799 708 2865 ΙΙΙ.

401 3014 472 3080 Jus
488 3014 688 3081 Punnrauu
712 3014 899 3079 Drvmun.

115 3205 146 3258 tt.
158 3209 252 3264 Verius
263 3211 341 3265 luris
354 3209 465 3264 Publici
477 3209 576 3265 Diuini
600 3211 788 3278 acceptiones.
800 3210 870 3261 -13,
894 3209 1057 3276 Conceptus
1083 3209 1215 3262 scientifi-

170 3297 215 3336 cus
228 3283 370 3351 ejusmodi
385 3281 645 3348 luris.—-14.0rigo
665 3290 750 3350 etque
773 3280 896 3335 evolutio
910 3281 996 3347 hujus
1022 3297 1113 3335 novae
1129 3282 1215 3334 Disci-

170 3355 339 3420 ptinere-15
361 3354 437 3408 Ordo
450 3356 636 3409 tractationis.

187 3533 236 3598 12.
282 3531 468 3616 Conceptu
496 3533 595 3599 luris
626 3533 762 3598 Publici
795 3520 904 3614 stoue
945 3529 1044 3594 Juris
1075 3529 1214 3594 Publici

113 3631 331 3707 Ecclesiastici
349 3642 560 3725 explanato,
578 3640 763 3706 notionem
795 3639 816 3704 J
821 3639 894 3703 uris
918 3637 1057 3702 Publici
1076 3639 1212 3720 Divini,

114 3740 143 3806 in
156 3748 249 3828 cujus
267 3749 495 3832 expositione
513 3761 550 3814 et
566 3748 775 3814 evolutione
793 3745 986 3828 disciplina
999 3750 1124 3809 nostru
1138 3749 1214 3810 tote

114 3855 312 3942 versabitur,
334 3858 479 3924 tradere
496 3859 600 3925 nobis
617 3861 797 3940 superest,
817 3855 913 3940 quod
931 3855 1116 3918 levissime
1135 3873 1213 3938 per·

115 3955 267 4048 liniemus,
285 3983 367 4031 cum
383 3965 427 4030 de
457 3965 725 4032 definitionibus
750 3969 809 4028 sat
836 3962 931 4028 uotis
962 3964 999 4024 et
1031 3978 1141 4043 supra
1158 3978 1212 4024 re-

115 4061 183 4136 latis
197 4072 272 4139 lere
288 4075 421 4156 egetur

116 4155 278 4179 *Q—

118 4311 158 4378 ΠΙ,
167 4251 304 4376 ,Ξυθῦνίὼ
318 4255 445 4306 nostrum
461 4249 691 4304 Introductionem
700 4251 729 4303 in
742 4249 796 4304 Jns
809 4245 1038 4314 Ecclesiastimoo,
1052 4261 1112 4313 cup.
1129 4249 1151 4312 l,
1162 4249 1213 4298 ert.
