3120 4988
567 411 726 472 „71-

110 551 254 638 polleret,
273 573 316 620 ao
335 556 486 638 proinde
504 574 574 622 non
589 557 785 622 haberetur
804 559 1002 623 auotoritas
1035 555 1209 641 religiosa

108 663 233 744 proprie
251 662 361 744 diota,
389 664 446 728 eui
464 662 585 728 Status
619 665 863 749 obtemperari
892 664 1054 747 deberet,
1088 671 1209 729 tamen

108 763 252 831 Ecclesia
278 786 388 834 sensu
412 770 587 834 latissimo
606 776 773 852 accepta,
793 775 830 834 et
854 771 1038 856 primaeva
1057 789 1119 835 seu
1146 791 1208 856 pa·

109 873 287 940 trinetatis
304 881 526 958 nuncupata,
545 877 613 940 luit
632 894 776 959 semper
805 880 842 941 et
859 878 904 942 ab
923 878 1011 961 ipsis
1039 881 1208 961 protopa-

109 980 249 1045 rentibus
267 982 386 1064 quoad
403 983 644 1065 substantiam,
665 984 845 1066 nimirum,
881 984 1001 1068 quoad
1033 984 1141 1049 linem
1170 987 1208 1047 et

109 1089 336 1168 quoadoifieia
349 1107 430 1154 eum
445 1108 486 1155 eo
501 1091 708 1174 conjunctu,
725 1095 872 1173 totaque
886 1091 1013 1156 fulcita
1031 1095 1110 1156 erat
1123 1091 1160 1154 in
1173 1091 1208 1154 fi-

110 1193 144 1257 de
157 1203 189 1259 et
204 1196 338 1260 meritis
355 1195 501 1262 Christi.

182 1301 457 1387 Praesupposito
476 1311 586 1387 atque
604 1305 765 1369 stabilito
784 1305 852 1370 hoe
876 1305 988 1386 iacto,
1023 1311 1209 1388 tamquam

110 1411 245 1476 veritate
261 1413 454 1496 explorata
472 1414 713 1497 omnibusque
728 1420 889 1496 recepta,
909 1413 1070 1496 alioquin
1088 1414 1207 1495 primi-

110 1517 172 1582 tiva
187 1520 360 1584 revelatio
378 1519 577 1602 rejicienda
595 1526 631 1585 et
649 1539 739 1585 vera
772 1521 929 1585 societas
948 1519 1063 1586 Deum
1090 1521 1206 1584 colen-

109 1625 182 1690 tium
195 1643 339 1707 prorsus
356 1633 452 1691 esset
470 1627 651 1709 neganda,
669 1627 728 1692 vel
746 1627 981 1692 asserendum
1011 1630 1067 1692 est
1084 1643 1209 1690 curam

109 1730 175 1794 linis
186 1734 470 1815 supernaturalis
488 1738 597 1816 atque
615 1735 777 1816 regimen
795 1735 983 1799 societatis
1015 1733 1209 1815 religiosae

110 1844 179 1901 ante
193 1837 368 1904 Christum
383 1839 428 1904 ad
446 1839 585 1905 Statum
604 1841 748 1905 civilem
765 1846 965 1924 spectasse,
1000 1840 1060 1904 vel
1093 1839 1209 1904 faten-

110 1942 177 2010 dum
189 1952 240 2010 est
256 1945 395 2012 Statum
413 1951 497 2012 ante
511 1946 693 2012 Christum
707 1967 749 2013 ea
764 1948 933 2012 libertate
949 1953 1057 2030 atque
1083 1945 1209 2027 juridi-

110 2065 144 2112 ca
154 2050 438 2135 independentia,
454 2071 562 2136 quam
576 2055 679 2118 nobis
694 2055 869 2135 objiciunt
883 2053 1096 2136 adversarii,
1109 2053 1210 2117 mini·

109 2173 241 2224 measse
257 2160 422 2243 potitum:
439 2163 516 2242 jam
534 2180 623 2227 vero
641 2163 795 2244 primum
814 2163 929 2227 asseri
946 2160 1083 2244 nequit,
1103 2159 1211 2242 siqui·

109 2261 173 2330 dem
189 2267 306 2350 agitur
323 2267 367 2332 de
380 2268 450 2332 fine
467 2268 611 2351 penitus
630 2269 774 2335 diverso
790 2289 812 2334 a
825 2270 896 2334 fine
909 2268 1052 2352 imperii
1076 2267 1207 2346 civilis,

108 2369 197 2438 inmo
215 2374 365 2451 veroxde
383 2375 452 2442 fine
483 2377 768 2459 supernaturali,
791 2395 934 2460 unaque
961 2375 1005 2440 de
1034 2374 1210 2438 societate

108 2476 135 2540 in
148 2479 211 2546 ilde
227 2489 263 2547 et
281 2483 418 2548 meritis
432 2481 565 2548 Christi
583 2485 748 2566 fundata;
768 2485 922 2549 alterum
940 2485 1051 2566 igitur
1084 2481 1208 2546 admit-

108 2587 234 2654 tendum
251 2591 333 2672 erit,
350 2590 534 2672 videlieet,
550 2589 690 2656 Statum
706 2593 815 2656 civile
829 2599 914 2656 ante
932 2590 1064 2656 Christi
1076 2589 1209 2653 adven-

108 2695 168 2758 tum
184 2713 364 2780 nunquam
382 2698 493 2762 fuisse
510 2699 546 2762 in
566 2716 609 2764 ea
626 2699 837 2781 possesione
856 2699 1048 2778 libertatis,
1063 2695 1106 2760 de
1139 2714 1211 2778 qua

109 2805 229 2868 tantum
243 2803 428 2870 blaterant
443 2808 666 2872 recentiores
684 2807 886 2872 Statolatri.

181 2907 305 2990 Quoad
323 2913 510 2996 minorem,
530 2915 622 2992 dist.;
641 2915 811 2997 injustum
845 2919 900 2978 est
917 2911 1123 2996 quempiam
1152 2909 1210 2974 de·

109 3016 229 3083 turbari
245 3015 485 3103 aspossesione
495 3022 607 3104 justa,
618 3027 796 3105 quatenus
810 3027 846 3087 et
859 3019 1136 3105 quousquetalis
1150 3018 1208 3099 sit,

109 3139 199 3188 cone:
218 3126 340 3191 ablato
365 3129 447 3216 jure
465 3130 686 3212 possesionis
704 3149 769 3213 per
801 3149 894 3211 eum,
925 3128 983 3193 oui
1011 3126 1210 3192 auotoritas

109 3237 285 3315 competat,
304 3255 399 3320 nepo.
421 3234 498 3318 Age
512 3237 601 3319 jam,
621 3238 734 3301 semel
751 3236 910 3301 admissa
939 3236 1063 3300 divina
1088 3233 1210 3298 Eeole·

110 3335 170 3401 siae
183 3340 417 3425 institutione,
435 3349 580 3409 constat
596 3362 641 3408 ex
659 3344 726 3408 Dei
744 3344 972 3408 ordinatione
990 3360 1069 3406 eam
1087 3344 1209 3404 aueto-

109 3441 200 3510 ritate
212 3465 382 3531 suprema
395 3450 555 3532 gaudere
573 3469 638 3533 pro
657 3469 745 3515 eura
758 3451 838 3515 finis
857 3447 1147 3532 supernaturalis
1176 3451 1211 3508 et

110 3554 480 3623 exclusivo-societatis
497 3559 691 3642 religiosae
708 3559 897 3641 regimina
917 3558 979 3623 sed
998 3560 1126 3622 eontra
1146 3553 1209 3617 Dei

110 3661 316 3728 voluntatem
356 3667 392 3728 et
417 3665 477 3746 Jus
507 3665 678 3730 divinitus
708 3667 880 3732 collatum
908 3666 1125 3749 praevalere
1151 3681 1207 3726 ne·

110 3777 228 3845 queunt
241 3771 325 3852 jura
342 3759 527 3836 hominum
545 3774 605 3838 vel
622 3773 808 3855 quaelibet
832 3773 1006 3856 possesio,
1029 3775 1108 3836 utut
1124 3768 1210 3851 legi·

90 3873 184 3942 tima
200 3883 234 3944 et
251 3880 503 3964 antiquissima
520 3881 688 3964 fingatur.

185 3983 321 4068 object.
341 3987 395 4052 32¹
441 3987 608 4070 Theonis,
637 4006 730 4071 quae
761 3989 845 4070 jura
878 3987 1059 4052 naturalia
1075 3985 1210 4067 Regum

111 4090 249 4166 positive
266 4095 456 4177 imminuit,
474 4094 675 4176 rejicienda
693 4099 748 4159 est
765 4096 867 4160 velut
895 4093 1011 4158 Statui
1037 4093 1212 4175 injuriosa

112 4199 140 4260 a
152 4200 217 4284 ipsi
231 4201 418 4269 Eoolesiae
434 4205 653 4287 pernieiosa,
673 4204 849 4288 siquidem
868 4203 1029 4267 homines
1048 4207 1149 4266 arcet
1166 4200 1212 4263 ab

113 4301 257 4390 ingressu
272 4311 472 4392 Ecclesiam
488 4313 588 4398 atqui
603 4312 767 4378 doctrina
781 4313 825 4376 de
843 4312 1067 4377 institutione
1100 4310 1211 4374 socio·
1323 4309 1325 4314 ’
