3146 4980
595 401 773 460 -391-

121 543 267 608 ralismi:
287 561 362 626 age
371 542 461 626 jain,
479 544 575 610 hunc
587 545 814 628 potissimum
831 549 979 608 nostrae
991 545 1130 632 ,aetatis
1147 535 1243 609 erro·

119 667 202 731 rem,
225 649 384 715 ducibus
409 649 600 734 Episcopis
613 651 650 716 in
668 652 823 734 publicis
848 650 1087 733 documentis,
1115 651 1242 716 Roma·

119 757 169 820 nis
201 757 443 822 Pontificibus
470 759 508 822 in
537 759 611 822 suis
643 757 792 824 Litteris
824 758 1055 840 Apostolicis,
1100 775 1243 822 necnon

118 865 361 948 scriptoribus
379 865 644 948 probatissimis
661 867 696 930 in
710 866 913 949 praeclaris
932 867 1112 949 operibus,
1142 875 1243 930 recte

118 970 266 1038 definire
299 991 503 1056 possumus:
534 973 690 1060 Systsma
700 973 926 1060 proclamans
940 973 1243 1058 independentt'am

22 1084 25 1111 ³
116 1077 232 1144 Status
249 1081 297 1146 ab
326 1081 485 1146 Ecclesia
502 1081 554 1146 ccl
582 1081 772 1166 Relipt'oae,
805 1082 876 1146 siva
891 1082 930 1145 io
957 1082 1036 1165 ipsa
1067 1080 1243 1145 societatis

21 1226 24 1261 ι,
116 1190 371 1270 constitutione,
384 1189 455 1254 sinc
471 1191 506 1253 ia
519 1198 662 1254 caterno
678 1189 830 1276 ejusdem
845 1189 1102 1272 pubet-actione.
1118 1185 1173 1250 Ex
1186 1200 1245 1248 ac·

22 1272 26 1292 '
116 1301 241 1358 curata
260 1295 371 1376 hujus
388 1294 609 1360 delinitionis
627 1297 875 1379 explicatione
887 1293 1078 1359 evidenter
1102 1291 1244 1374 patebit

115 1402 276 1480 genuina
294 1401 437 1466 indoles
450 1410 561 1484 atqua
574 1403 735 1466 essentia
748 1401 898 1485 propria
911 1399 1153 1465 Liberalismi.

200 1508 351 1576 Dicitur
369 1509 538 1596 Systema,
557 1511 732 1591 quianon
750 1511 871 1591 agitur
889 1508 933 1572 de
948 1524 1072 1572 errore
1087 1506 1192 1570 unico
1209 1511 1246 1570 et

114 1597 310 1697 singulari,
330 1615 456 1680 sedda
474 1616 692 1680 collectione
710 1614 958 1680 doctrinarum
986 1612 1139 1695 speciali
1167 1629 1243 1676 soo-

115 1735 171 1800 po,
189 1720 367 1786 methodo
385 1739 430 1787 ac
447 1721 625 1787 industria
644 1723 681 1786 in
700 1739 809 1786 unum
828 1737 962 1803 corpus
991 1719 1242 1800 conflatorum,

115 1841 207 1906 quae
223 1829 420 1910 congeries
437 1828 591 1911 primurn
610 1828 867 1910 complectitur
883 1826 1153 1910 quamplurima
1178 1825 1244 1888 ial-

19 1983 20 1990 ,
115 1947 153 1994 sa
174 1934 363 2017 principia
380 1951 446 2016 per
479 1935 620 2015 prelum
653 1934 867 2016 saepissime
895 1924 1056 2014 laudata,
1077 1933 1173 1996 inter
1205 1947 1245 1996 se

55 2033 58 2038 ’
115 2055 285 2107 connexa
304 2049 341 2106 et
357 2061 379 2106 a
392 2042 455 2106 Pio
468 2041 519 2106 IX
535 2043 571 2106 in
587 2041 735 2123 Syllabo
754 2043 920 2106 taxative
936 2041 1120 2107 recensita
1135 2045 1245 2121 atque

116 2144 306 2229 damnata,
326 2149 526 2231 cujusmodi
544 2155 629 2212 sunt
657 2148 868 2231 praecipue:
890 2147 1114 2230 suprematia
1129 2146 1243 2210 natio·

117 2251 168 2318 nis
187 2258 390 2334 (acheronta
407 2257 596 2334 aacioaai),
616 2255 900 2338 independentia
932 2254 1068 2320 ordinis
1095 2253 1243 2316 moralis

118 2361 243 2436 (moral
260 2364 466 2442 universal),
487 2363 650 2428 exclusio
664 2363 854 2428 Ecclesiae
872 2363 1027 2446 ejusque
1051 2361 1206 2425 influxus
1223 2377 1245 2423 a

116 2482 347 2552 quacumque
360 2469 457 2536 civiti
468 2469 695 2534 institutione
710 2471 1026 2550 (sacalcricaciss),
1036 2469 1244 2533 immunitas

116 2577 366 2642 conscientiae
384 2577 549 2655 (libertast
565 2577 607 2642 dc
623 2578 832 2654 concicocia)
848 2595 929 2640 curn
944 2576 1104 2640 naturali
1117 2592 1244 2658 seque-

116 2679 150 2744 la
162 2681 316 2766 jurium,
335 2686 428 2768 qu'ae
447 2683 561 2748 veluti
578 2683 741 2766 legitima
759 2681 957 2747 corollaria
975 2699 1021 2746 ex
1051 2683 1132 2764 ipsa
1163 2698 1244 2764 pro-

106 2787 244 2872 fluunt,
261 2791 442 2874 nimirum,
462 2791 580 2856 libera
611 2791 769 2856 facultas
798 2789 1026 2874 manationis,
1057 2789 1242 2854 discussio·

116 2896 181 2978 ais,
194 2899 451 2982 impressionis,
476 2898 726 2963 adsociatioais
750 2901 787 2960 et
816 2894 993 2979 calipioais
1018 2893 1079 2957 vel
1111 2893 1241 2957 cultus:

118 2997 250 3067 deinde
266 3003 376 3068 etiarn
393 2989 429 3067 in
446 3020 486 3067 se
503 3004 666 3068 continet
682 3003 806 3084 plures
823 3019 868 3066 ac
900 3002 1065 3064 diversos
1099 2999 1243 3081 organi-

117 3121 214 3174 smos
233 3107 402 3190 politicos
418 3114 456 3172 et
471 3109 626 3173 sociales
655 3107 782 3173 iisdem
807 3107 996 3191 principiis
1014 3106 1241 3186 informatos,

118 3227 212 3294 quae
229 3215 267 3277 in
283 3214 428 3295 praxim
441 3213 593 3278 reducta
610 3213 817 3279 distinctam
835 3215 990 3280 formam
1022 3214 1187 3296 iuduunt,
1208 3217 1245 3278 et

119 3313 364 3400 diversimode
382 3333 463 3383 sese
480 3319 716 3384 manifestant
737 3320 776 3384 in
807 3320 1050 3403 legislatione,
1082 3319 1244 3385 externis

120 3427 336 3509 populorum
355 3426 514 3491 moribus
528 3432 565 3490 et
592 3427 747 3509 publicis
760 3428 1017 3509 imperantium
1031 3427 1186 3492 actibus.

206 3531 362 3598 Additur
380 3533 694 3619 independaatiam,
726 3541 765 3599 ut
793 3537 1021 3617 exprimatur
1048 3533 1244 3600 essentiale

118 3639 397 3705 constitutivum
413 3641 657 3720 Liberalismi,
673 3642 734 3723 qui
752 3641 788 3705 in
801 3641 870 3706 hoo
884 3641 1050 3724 praecise
1063 3640 1242 3721 consistit,

120 3746 217 3827 qood
230 3748 431 3812 auctoritas
444 3747 564 3812 civilis
578 3747 789 3812 auctoritati
801 3747 990 3812 Ecclesiae
1003 3765 1075 3811 non
1088 3745 1244 3828 amplius

118 3853 345 3936 subjiciatur3
365 3869 431 3937 per
448 3854 543 3918 hanc
557 3870 685 3918 vocem
700 3852 896 3918 denotatur
908 3871 1022 3936 genus
1039 3852 1245 3935 proximum

119 3956 350 4040 delinitionis,
385 3953 493 4044 quia,¹
525 3967 704 4044 quatenus
738 3959 893 4025 adstruit
924 3959 1245 4043 independentiam

118 4061 272 4132 bominis
289 4085 312 4130 a
329 4065 406 4132 Deo
423 4068 484 4132 vel
504 4067 791 4149 recognitionem
812 4065 1006 4148 juridicam
1031 4067 1165 4131 abusus
1182 4066 1243 4131 hu·

118 4187 248 4237 manaa
263 4172 456 4255 libertatis,
473 4173 511 4237 in
528 4172 598 4237 hoc
629 4189 765 4255 genere
782 4189 864 4236 cum
881 4172 964 4237 aliis
983 4173 1243 4256 systematibus

117 4280 304 4363 convenit,
322 4297 417 4364 quaa
433 4280 543 4344 etiarn
561 4279 795 4344 conclamant
810 4279 872 4360 jus
889 4278 1141 4363 quodcumque
1156 4279 1244 4344 libe·
