<?xml version="1.0" encoding="UTF-8"?>
<!DOCTYPE html PUBLIC "-//W3C//DTD XHTML 1.0 Transitional//EN"
    "http://www.w3.org/TR/xhtml1/DTD/xhtml1-transitional.dtd">
<html xmlns="http://www.w3.org/1999/xhtml" xml:lang="en" lang="en">
 <head>
  <title>
</title>
<meta http-equiv="Content-Type" content="text/html;charset=utf-8" />
  <meta name='ocr-system' content='tesseract 3.04.00' />
  <meta name='ocr-capabilities' content='ocr_page ocr_carea ocr_par ocr_line ocrx_word'/>
</head>
<body>
  <div class='ocr_page' id='page_1' title='image "./juspublicumeccl01ferngoog_0209.png"; bbox 0 0 3024 4994; ppageno 0'>
   <div class='ocr_carea' id='block_1_1' title="bbox 777 405 954 464">
    <p class='ocr_par' dir='ltr' id='par_1_1' title="bbox 777 405 954 464">
     <span class='ocr_line' id='line_1_1' title="bbox 777 405 954 464; baseline 0.006 -1"><span class='ocrx_word' id='word_1_1' title='bbox 777 405 954 464; x_wconf 82' lang='lat'>-190-</span> 
     </span>
    </p>
   </div>
   <div class='ocr_carea' id='block_1_2' title="bbox 295 547 1419 3098">
    <p class='ocr_par' dir='ltr' id='par_1_2' title="bbox 295 547 1419 3098">
     <span class='ocr_line' id='line_1_2' title="bbox 304 547 1418 635; baseline 0.003 -22"><span class='ocrx_word' id='word_1_2' title='bbox 304 550 366 613; x_wconf 91' lang='lat' dir='ltr'><strong>net</strong></span> <span class='ocrx_word' id='word_1_3' title='bbox 379 547 573 631; x_wconf 78' lang='lat' dir='ltr'><strong>quodnam,</strong></span> <span class='ocrx_word' id='word_1_4' title='bbox 589 548 696 632; x_wconf 90' lang='lat' dir='ltr'><strong>quale</strong></span> <span class='ocrx_word' id='word_1_5' title='bbox 710 553 747 614; x_wconf 91' lang='lat' dir='ltr'><strong>et</strong></span> <span class='ocrx_word' id='word_1_6' title='bbox 759 554 933 632; x_wconf 87' lang='lat' dir='ltr'><strong>quantum</strong></span> <span class='ocrx_word' id='word_1_7' title='bbox 945 549 992 615; x_wconf 88' lang='lat' dir='ltr'><strong>sit</strong></span> <span class='ocrx_word' id='word_1_8' title='bbox 1008 549 1044 615; x_wconf 92' lang='lat' dir='ltr'><strong>in</strong></span> <span class='ocrx_word' id='word_1_9' title='bbox 1059 554 1231 616; x_wconf 90' lang='lat' dir='ltr'><strong>concreto</strong></span> <span class='ocrx_word' id='word_1_10' title='bbox 1245 551 1418 635; x_wconf 90' lang='lat' dir='ltr'><strong>objectum</strong></span> 
     </span>
     <span class='ocr_line' id='line_1_3' title="bbox 304 655 1419 742; baseline 0.004 -23"><span class='ocrx_word' id='word_1_11' title='bbox 304 655 496 738; x_wconf 87' lang='lat' dir='ltr'><strong>potestatis</strong></span> <span class='ocrx_word' id='word_1_12' title='bbox 529 655 773 738; x_wconf 82' lang='lat' dir='ltr'><strong>legislativae,</strong></span> <span class='ocrx_word' id='word_1_13' title='bbox 798 655 984 737; x_wconf 79' lang='lat' dir='ltr'><strong>Judicialis</strong></span> <span class='ocrx_word' id='word_1_14' title='bbox 1016 674 1060 721; x_wconf 89' lang='lat' dir='ltr'><strong>ac</strong></span> <span class='ocrx_word' id='word_1_15' title='bbox 1092 657 1297 740; x_wconf 64' lang='lat' dir='ltr'><strong>coactivam</strong></span> <span class='ocrx_word' id='word_1_16' title='bbox 1329 658 1419 742; x_wconf 91' lang='lat' dir='ltr'><strong>quod</strong></span> 
     </span>
     <span class='ocr_line' id='line_1_4' title="bbox 304 760 1416 848; baseline 0.002 -22"><span class='ocrx_word' id='word_1_17' title='bbox 304 760 447 846; x_wconf 91' lang='lat' dir='ltr'><strong>quidem</strong></span> <span class='ocrx_word' id='word_1_18' title='bbox 465 761 594 844; x_wconf 86' lang='lat' dir='ltr'><strong>attingi</strong></span> <span class='ocrx_word' id='word_1_19' title='bbox 611 767 721 845; x_wconf 86' lang='lat' dir='ltr'><strong>etque</strong></span> <span class='ocrx_word' id='word_1_20' title='bbox 737 762 893 845; x_wconf 81' lang='lat' dir='ltr'><strong>intelligi</strong></span> <span class='ocrx_word' id='word_1_21' title='bbox 911 764 1050 848; x_wconf 87' lang='lat' dir='ltr'><strong>nequit,</strong></span> <span class='ocrx_word' id='word_1_22' title='bbox 1068 763 1137 828; x_wconf 92' lang='lat' dir='ltr'><strong>nisi</strong></span> <span class='ocrx_word' id='word_1_23' title='bbox 1155 763 1256 844; x_wconf 92' lang='lat' dir='ltr'><strong>prius</strong></span> <span class='ocrx_word' id='word_1_24' title='bbox 1282 765 1347 828; x_wconf 87' lang='lat' dir='ltr'><strong>etsi</strong></span> <span class='ocrx_word' id='word_1_25' title='bbox 1373 764 1416 828; x_wconf 89' lang='lat' dir='ltr'><strong>le·</strong></span> 
     </span>
     <span class='ocr_line' id='line_1_5' title="bbox 303 869 1418 954; baseline 0.004 -20"><span class='ocrx_word' id='word_1_26' title='bbox 303 869 399 934; x_wconf 90' lang='lat' dir='ltr'><strong>viter</strong></span> <span class='ocrx_word' id='word_1_27' title='bbox 412 869 728 935; x_wconf 86' lang='lat' dir='ltr'><strong>enucleeturuotio</strong></span> <span class='ocrx_word' id='word_1_28' title='bbox 743 873 780 934; x_wconf 91' lang='lat' dir='ltr'><strong>ct</strong></span> <span class='ocrx_word' id='word_1_29' title='bbox 790 869 956 935; x_wconf 88' lang='lat' dir='ltr'><strong>tradatur</strong></span> <span class='ocrx_word' id='word_1_30' title='bbox 968 869 1151 936; x_wconf 89' lang='lat' dir='ltr'><strong>distinctio</strong></span> <span class='ocrx_word' id='word_1_31' title='bbox 1163 891 1293 954; x_wconf 83' lang='lat' dir='ltr'><strong>reram,</strong></span> <span class='ocrx_word' id='word_1_32' title='bbox 1304 891 1418 938; x_wconf 86' lang='lat' dir='ltr'><strong>caasa·</strong></span> 
     </span>
     <span class='ocr_line' id='line_1_6' title="bbox 303 975 1417 1064; baseline 0.002 -23"><span class='ocrx_word' id='word_1_33' title='bbox 303 997 379 1042; x_wconf 86' lang='lat' dir='ltr'><strong>ram</strong></span> <span class='ocrx_word' id='word_1_34' title='bbox 397 981 434 1040; x_wconf 89' lang='lat' dir='ltr'><strong>et</strong></span> <span class='ocrx_word' id='word_1_35' title='bbox 445 997 640 1061; x_wconf 84' lang='lat' dir='ltr'><strong>poenarum</strong></span> <span class='ocrx_word' id='word_1_36' title='bbox 654 975 1001 1062; x_wconf 86' lang='lat' dir='ltr'><strong>ecclesiasticarum,</strong></span> <span class='ocrx_word' id='word_1_37' title='bbox 1021 995 1102 1043; x_wconf 93' lang='lat' dir='ltr'><strong>cum</strong></span> <span class='ocrx_word' id='word_1_38' title='bbox 1127 979 1217 1064; x_wconf 78' lang='lat' dir='ltr'><strong>lepos</strong></span> <span class='ocrx_word' id='word_1_39' title='bbox 1245 978 1289 1045; x_wconf 89' lang='lat' dir='ltr'><strong>de</strong></span> <span class='ocrx_word' id='word_1_40' title='bbox 1316 979 1417 1044; x_wconf 91' lang='lat' dir='ltr'><strong>rebus</strong></span> 
     </span>
     <span class='ocr_line' id='line_1_7' title="bbox 302 1083 1417 1171; baseline 0.001 -24"><span class='ocrx_word' id='word_1_41' title='bbox 302 1087 426 1167; x_wconf 83' lang='lat' dir='ltr'><strong>agant,</strong></span> <span class='ocrx_word' id='word_1_42' title='bbox 437 1083 579 1171; x_wconf 82' lang='lat' dir='ltr'><strong>judicia</strong></span> <span class='ocrx_word' id='word_1_43' title='bbox 596 1083 632 1148; x_wconf 92' lang='lat' dir='ltr'><strong>in</strong></span> <span class='ocrx_word' id='word_1_44' title='bbox 649 1083 769 1150; x_wconf 88' lang='lat' dir='ltr'><strong>causis</strong></span> <span class='ocrx_word' id='word_1_45' title='bbox 787 1089 981 1150; x_wconf 89' lang='lat' dir='ltr'><strong>versentur</strong></span> <span class='ocrx_word' id='word_1_46' title='bbox 998 1089 1035 1150; x_wconf 89' lang='lat' dir='ltr'><strong>et</strong></span> <span class='ocrx_word' id='word_1_47' title='bbox 1044 1085 1185 1170; x_wconf 82' lang='lat' dir='ltr'><strong>pusilio</strong></span> <span class='ocrx_word' id='word_1_48' title='bbox 1204 1102 1270 1167; x_wconf 91' lang='lat' dir='ltr'><strong>por</strong></span> <span class='ocrx_word' id='word_1_49' title='bbox 1287 1102 1417 1168; x_wconf 82' lang='lat' dir='ltr'><strong>poenas</strong></span> 
     </span>
     <span class='ocr_line' id='line_1_8' title="bbox 302 1189 1233 1274; baseline 0 -18"><span class='ocrx_word' id='word_1_50' title='bbox 302 1195 531 1256; x_wconf 79' lang='lat' dir='ltr'><strong>exerceatur.</strong></span> <span class='ocrx_word' id='word_1_51' title='bbox 551 1189 645 1256; x_wconf 87' lang='lat' dir='ltr'><strong>Hinc</strong></span> <span class='ocrx_word' id='word_1_52' title='bbox 663 1191 818 1274; x_wconf 90' lang='lat' dir='ltr'><strong>primum</strong></span> <span class='ocrx_word' id='word_1_53' title='bbox 835 1191 905 1256; x_wconf 89' lang='lat' dir='ltr'><strong>erit</strong></span> <span class='ocrx_word' id='word_1_54' title='bbox 921 1209 1040 1257; x_wconf 87' lang='lat' dir='ltr'><strong>sermo</strong></span> <span class='ocrx_word' id='word_1_55' title='bbox 1059 1192 1233 1258; x_wconf 83' lang='lat' dir='ltr'><strong>derebus.</strong></span> 
     </span>
     <span class='ocr_line' id='line_1_9' title="bbox 390 1297 1414 1385; baseline -0.001 -21"><span class='ocrx_word' id='word_1_56' title='bbox 390 1297 615 1365; x_wconf 79' lang='lat' dir='ltr'>Vocabulum</span> <span class='ocrx_word' id='word_1_57' title='bbox 639 1319 694 1366; x_wconf 83' lang='lat' dir='ltr'><strong>res</strong></span> <span class='ocrx_word' id='word_1_58' title='bbox 720 1299 834 1384; x_wconf 86' lang='lat' dir='ltr'><strong>(cosa)</strong></span> <span class='ocrx_word' id='word_1_59' title='bbox 853 1301 1033 1385; x_wconf 79' lang='lat' dir='ltr'><strong>triplicem</strong></span> <span class='ocrx_word' id='word_1_60' title='bbox 1058 1302 1308 1385; x_wconf 81' lang='lat' dir='ltr'><strong>acceptionem</strong></span> <span class='ocrx_word' id='word_1_61' title='bbox 1332 1299 1414 1366; x_wconf 90' lang='lat' dir='ltr'><strong>obti-</strong></span> 
     </span>
     <span class='ocr_line' id='line_1_10' title="bbox 300 1407 1414 1496; baseline 0.002 -24"><span class='ocrx_word' id='word_1_62' title='bbox 300 1413 375 1487; x_wconf 89' lang='lat' dir='ltr'><strong>net,</strong></span> <span class='ocrx_word' id='word_1_63' title='bbox 394 1407 620 1490; x_wconf 83' lang='lat' dir='ltr'><strong>latissimam,</strong></span> <span class='ocrx_word' id='word_1_64' title='bbox 640 1407 752 1472; x_wconf 87' lang='lat' dir='ltr'><strong>latam</strong></span> <span class='ocrx_word' id='word_1_65' title='bbox 770 1413 807 1472; x_wconf 90' lang='lat' dir='ltr'><strong>et</strong></span> <span class='ocrx_word' id='word_1_66' title='bbox 819 1409 997 1490; x_wconf 88' lang='lat' dir='ltr'><strong>strictam;</strong></span> <span class='ocrx_word' id='word_1_67' title='bbox 1014 1425 1073 1474; x_wconf 87' lang='lat' dir='ltr'><strong>res</strong></span> <span class='ocrx_word' id='word_1_68' title='bbox 1085 1409 1191 1494; x_wconf 83' lang='lat' dir='ltr'><strong>topice</strong></span> <span class='ocrx_word' id='word_1_69' title='bbox 1204 1413 1241 1474; x_wconf 91' lang='lat' dir='ltr'><strong>et</strong></span> <span class='ocrx_word' id='word_1_70' title='bbox 1251 1429 1414 1496; x_wconf 83' lang='lat' dir='ltr'><strong>pramma·</strong></span> 
     </span>
     <span class='ocr_line' id='line_1_11' title="bbox 300 1513 1415 1600; baseline -0.003 -19"><span class='ocrx_word' id='word_1_71' title='bbox 300 1516 364 1582; x_wconf 88' lang='lat' dir='ltr'><strong>tice</strong></span> <span class='ocrx_word' id='word_1_72' title='bbox 381 1519 526 1596; x_wconf 83' lang='lat' dir='ltr'><strong>sumptu</strong></span> <span class='ocrx_word' id='word_1_73' title='bbox 552 1531 659 1578; x_wconf 87' lang='lat' dir='ltr'><strong>sensu</strong></span> <span class='ocrx_word' id='word_1_74' title='bbox 688 1513 864 1580; x_wconf 88' lang='lat' dir='ltr'><strong>letissimo</strong></span> <span class='ocrx_word' id='word_1_75' title='bbox 893 1515 1086 1599; x_wconf 83' lang='lat' dir='ltr'><strong>significat:</strong></span> <span class='ocrx_word' id='word_1_76' title='bbox 1113 1516 1281 1600; x_wconf 78' lang='lat' dir='ltr'><strong>quidquid</strong></span> <span class='ocrx_word' id='word_1_77' title='bbox 1297 1519 1415 1581; x_wconf 81' lang='lat' dir='ltr'><strong>estaat</strong></span> 
     </span>
     <span class='ocr_line' id='line_1_12' title="bbox 300 1620 1413 1708; baseline -0.002 -22"><span class='ocrx_word' id='word_1_78' title='bbox 300 1643 372 1688; x_wconf 84' lang='lat' dir='ltr'><strong>esse</strong></span> <span class='ocrx_word' id='word_1_79' title='bbox 382 1629 503 1708; x_wconf 84' lang='lat' dir='ltr'><strong>potest,</strong></span> <span class='ocrx_word' id='word_1_80' title='bbox 518 1638 581 1688; x_wconf 89' lang='lat' dir='ltr'><strong>seu</strong></span> <span class='ocrx_word' id='word_1_81' title='bbox 597 1620 769 1705; x_wconf 90' lang='lat' dir='ltr'><strong>quidquid</strong></span> <span class='ocrx_word' id='word_1_82' title='bbox 783 1623 973 1688; x_wconf 84' lang='lat' dir='ltr'><strong>entitatem</strong></span> <span class='ocrx_word' id='word_1_83' title='bbox 987 1623 1160 1688; x_wconf 80' lang='lat' dir='ltr'><strong>moralem</strong></span> <span class='ocrx_word' id='word_1_84' title='bbox 1174 1629 1237 1686; x_wconf 86' lang='lat' dir='ltr'><strong>aut</strong></span> <span class='ocrx_word' id='word_1_85' title='bbox 1254 1622 1413 1687; x_wconf 84' lang='lat' dir='ltr'><strong>materia·</strong></span> 
     </span>
     <span class='ocr_line' id='line_1_13' title="bbox 299 1728 1413 1813; baseline -0.001 -19"><span class='ocrx_word' id='word_1_86' title='bbox 299 1729 383 1811; x_wconf 88' lang='lat' dir='ltr'><strong>lem,</strong></span> <span class='ocrx_word' id='word_1_87' title='bbox 400 1729 602 1794; x_wconf 85' lang='lat' dir='ltr'><strong>naturalem</strong></span> <span class='ocrx_word' id='word_1_88' title='bbox 621 1735 684 1794; x_wconf 89' lang='lat' dir='ltr'><strong>aut</strong></span> <span class='ocrx_word' id='word_1_89' title='bbox 700 1729 940 1812; x_wconf 80' lang='lat' dir='ltr'><strong>artificialem,</strong></span> <span class='ocrx_word' id='word_1_90' title='bbox 958 1729 1147 1813; x_wconf 83' lang='lat' dir='ltr'><strong>physicam</strong></span> <span class='ocrx_word' id='word_1_91' title='bbox 1160 1735 1223 1794; x_wconf 86' lang='lat' dir='ltr'><strong>aut</strong></span> <span class='ocrx_word' id='word_1_92' title='bbox 1235 1728 1413 1812; x_wconf 86' lang='lat' dir='ltr'><strong>metaphy-</strong></span> 
     </span>
     <span class='ocr_line' id='line_1_14' title="bbox 300 1835 1413 1924; baseline -0.004 -22"><span class='ocrx_word' id='word_1_93' title='bbox 300 1839 413 1914; x_wconf 78' lang='lat' dir='ltr'><strong>sicam</strong></span> <span class='ocrx_word' id='word_1_94' title='bbox 430 1836 551 1917; x_wconf 84' lang='lat' dir='ltr'><strong>habet3</strong></span> <span class='ocrx_word' id='word_1_95' title='bbox 562 1835 719 1924; x_wconf 80' lang='lat' dir='ltr'><strong>juridice</strong></span> <span class='ocrx_word' id='word_1_96' title='bbox 738 1841 858 1902; x_wconf 91' lang='lat' dir='ltr'><strong>autem</strong></span> <span class='ocrx_word' id='word_1_97' title='bbox 878 1843 1053 1920; x_wconf 86' lang='lat' dir='ltr'><strong>usurpata</strong></span> <span class='ocrx_word' id='word_1_98' title='bbox 1077 1857 1133 1902; x_wconf 81' lang='lat' dir='ltr'><strong>res</strong></span> <span class='ocrx_word' id='word_1_99' title='bbox 1159 1853 1266 1901; x_wconf 89' lang='lat' dir='ltr'><strong>sensu</strong></span> <span class='ocrx_word' id='word_1_100' title='bbox 1282 1835 1413 1918; x_wconf 85' lang='lat' dir='ltr'><strong>generi-</strong></span> 
     </span>
     <span class='ocr_line' id='line_1_15' title="bbox 300 1941 1413 2026; baseline -0.004 -17"><span class='ocrx_word' id='word_1_101' title='bbox 300 1961 342 2009; x_wconf 92' lang='lat' dir='ltr'><strong>co</strong></span> <span class='ocrx_word' id='word_1_102' title='bbox 355 1943 419 2009; x_wconf 89' lang='lat' dir='ltr'><strong>sed</strong></span> <span class='ocrx_word' id='word_1_103' title='bbox 433 1943 549 2008; x_wconf 92' lang='lat' dir='ltr'><strong>minus</strong></span> <span class='ocrx_word' id='word_1_104' title='bbox 566 1943 640 2007; x_wconf 88' lang='lat' dir='ltr'><strong>lato</strong></span> <span class='ocrx_word' id='word_1_105' title='bbox 660 1942 822 2026; x_wconf 88' lang='lat' dir='ltr'><strong>denotat,</strong></span> <span class='ocrx_word' id='word_1_106' title='bbox 839 1944 946 2026; x_wconf 88' lang='lat' dir='ltr'><strong>juxta</strong></span> <span class='ocrx_word' id='word_1_107' title='bbox 962 1943 1181 2009; x_wconf 88' lang='lat' dir='ltr'><strong>sententiam</strong></span> <span class='ocrx_word' id='word_1_108' title='bbox 1194 1941 1413 2008; x_wconf 86' lang='lat' dir='ltr'><strong>celeberrimi</strong></span> 
     </span>
     <span class='ocr_line' id='line_1_16' title="bbox 295 2047 1410 2134; baseline -0.004 -18"><span class='ocrx_word' id='word_1_109' title='bbox 295 2049 547 2133; x_wconf 78' lang='lat' dir='ltr'><strong>Jurisconsulti</strong></span> <span class='ocrx_word' id='word_1_110' title='bbox 564 2047 654 2114; x_wconf 87' lang='lat' dir='ltr'><strong>Caii:</strong></span> <span class='ocrx_word' id='word_1_111' title='bbox 678 2049 803 2114; x_wconf 85' lang='lat' dir='ltr'><strong>“omne</strong></span> <span class='ocrx_word' id='word_1_112' title='bbox 828 2051 924 2133; x_wconf 89' lang='lat' dir='ltr'><strong>quod</strong></span> <span class='ocrx_word' id='word_1_113' title='bbox 942 2067 1022 2116; x_wconf 87' lang='lat' dir='ltr'><strong>osse</strong></span> <span class='ocrx_word' id='word_1_114' title='bbox 1040 2055 1160 2134; x_wconf 90' lang='lat' dir='ltr'><strong>potest</strong></span> <span class='ocrx_word' id='word_1_115' title='bbox 1177 2049 1213 2114; x_wconf 93' lang='lat' dir='ltr'><strong>in</strong></span> <span class='ocrx_word' id='word_1_116' title='bbox 1231 2049 1330 2115; x_wconf 91' lang='lat' dir='ltr'><strong>bonis</strong></span> <span class='ocrx_word' id='word_1_117' title='bbox 1356 2047 1410 2112; x_wconf 92' lang='lat' dir='ltr'><strong>ho·</strong></span> 
     </span>
     <span class='ocr_line' id='line_1_17' title="bbox 299 2155 1410 2240; baseline -0.005 -17"><span class='ocrx_word' id='word_1_118' title='bbox 299 2157 417 2239; x_wconf 90' lang='lat' dir='ltr'><strong>minis,</strong></span> <span class='ocrx_word' id='word_1_119' title='bbox 433 2157 583 2240; x_wconf 90' lang='lat' dir='ltr'><strong>ejusque</strong></span> <span class='ocrx_word' id='word_1_120' title='bbox 597 2155 745 2221; x_wconf 91' lang='lat' dir='ltr'><strong>utilitati</strong></span> <span class='ocrx_word' id='word_1_121' title='bbox 760 2155 983 2240; x_wconf 83' lang='lat' dir='ltr'><strong>deservire“;</strong></span> <span class='ocrx_word' id='word_1_122' title='bbox 999 2158 1160 2224; x_wconf 79' lang='lat' dir='ltr'><strong>canonice</strong></span> <span class='ocrx_word' id='word_1_123' title='bbox 1174 2174 1262 2222; x_wconf 89' lang='lat' dir='ltr'><strong>vero</strong></span> <span class='ocrx_word' id='word_1_124' title='bbox 1280 2159 1410 2239; x_wconf 87' lang='lat' dir='ltr'><strong>specte·</strong></span> 
     </span>
     <span class='ocr_line' id='line_1_18' title="bbox 299 2261 1410 2332; baseline -0.004 -2"><span class='ocrx_word' id='word_1_125' title='bbox 299 2269 408 2332; x_wconf 76' lang='lat' dir='ltr'><strong>taras</strong></span> <span class='ocrx_word' id='word_1_126' title='bbox 433 2281 541 2330; x_wconf 86' lang='lat' dir='ltr'><strong>sensu</strong></span> <span class='ocrx_word' id='word_1_127' title='bbox 570 2263 744 2330; x_wconf 87' lang='lat' dir='ltr'><strong>strictiori</strong></span> <span class='ocrx_word' id='word_1_128' title='bbox 763 2263 809 2329; x_wconf 87' lang='lat' dir='ltr'><strong>ad</strong></span> <span class='ocrx_word' id='word_1_129' title='bbox 828 2281 930 2329; x_wconf 92' lang='lat' dir='ltr'><strong>usum</strong></span> <span class='ocrx_word' id='word_1_130' title='bbox 960 2269 996 2330; x_wconf 89' lang='lat' dir='ltr'><strong>et</strong></span> <span class='ocrx_word' id='word_1_131' title='bbox 1024 2263 1216 2329; x_wconf 89' lang='lat' dir='ltr'><strong>utilitatem</strong></span> <span class='ocrx_word' id='word_1_132' title='bbox 1233 2261 1410 2329; x_wconf 80' lang='lat' dir='ltr'><strong>Ecclesiae</strong></span> 
     </span>
     <span class='ocr_line' id='line_1_19' title="bbox 298 2369 1408 2457; baseline -0.003 -22"><span class='ocrx_word' id='word_1_133' title='bbox 298 2377 437 2437; x_wconf 86' lang='lat' dir='ltr'><strong>tuntum</strong></span> <span class='ocrx_word' id='word_1_134' title='bbox 456 2373 700 2457; x_wconf 85' lang='lat' dir='ltr'><strong>restringitur,</strong></span> <span class='ocrx_word' id='word_1_135' title='bbox 717 2385 752 2436; x_wconf 90' lang='lat' dir='ltr'><strong>et</strong></span> <span class='ocrx_word' id='word_1_136' title='bbox 766 2377 851 2436; x_wconf 90' lang='lat' dir='ltr'><strong>tunc</strong></span> <span class='ocrx_word' id='word_1_137' title='bbox 865 2371 928 2436; x_wconf 89' lang='lat' dir='ltr'><strong>alii</strong></span> <span class='ocrx_word' id='word_1_138' title='bbox 941 2389 1022 2436; x_wconf 92' lang='lat' dir='ltr'><strong>cum</strong></span> <span class='ocrx_word' id='word_1_139' title='bbox 1036 2369 1187 2452; x_wconf 88' lang='lat' dir='ltr'><strong>Schran,</strong></span> <span class='ocrx_word' id='word_1_140' title='bbox 1202 2370 1408 2436; x_wconf 86' lang='lat' dir='ltr'><strong>sententiam</strong></span> 
     </span>
     <span class='ocr_line' id='line_1_20' title="bbox 298 2478 1409 2563; baseline -0.005 -18"><span class='ocrx_word' id='word_1_141' title='bbox 298 2478 376 2545; x_wconf 80' lang='lat' dir='ltr'><strong>Caii</strong></span> <span class='ocrx_word' id='word_1_142' title='bbox 400 2486 606 2563; x_wconf 88' lang='lat' dir='ltr'><strong>sequentes,</strong></span> <span class='ocrx_word' id='word_1_143' title='bbox 625 2499 684 2546; x_wconf 87' lang='lat' dir='ltr'><strong>res</strong></span> <span class='ocrx_word' id='word_1_144' title='bbox 703 2478 973 2545; x_wconf 88' lang='lat' dir='ltr'><strong>ecclesiasticas</strong></span> <span class='ocrx_word' id='word_1_145' title='bbox 991 2478 1176 2544; x_wconf 89' lang='lat' dir='ltr'><strong>definiunt:</strong></span> <span class='ocrx_word' id='word_1_146' title='bbox 1194 2479 1316 2544; x_wconf 87' lang='lat' dir='ltr'><strong>Omm&#39;a</strong></span> <span class='ocrx_word' id='word_1_147' title='bbox 1332 2496 1409 2562; x_wconf 80' lang='lat' dir='ltr'><strong>puae</strong></span> 
     </span>
     <span class='ocr_line' id='line_1_21' title="bbox 298 2581 1409 2670; baseline -0.005 -18"><span class='ocrx_word' id='word_1_148' title='bbox 298 2586 472 2652; x_wconf 81' lang='lat' dir='ltr'><strong>Ecclesiae</strong></span> <span class='ocrx_word' id='word_1_149' title='bbox 489 2588 633 2654; x_wconf 79' lang='lat' dir='ltr'><strong>utilitati</strong></span> <span class='ocrx_word' id='word_1_150' title='bbox 651 2587 861 2668; x_wconf 64' lang='lat' dir='ltr'><strong>deserviunt·</strong></span> <span class='ocrx_word' id='word_1_151' title='bbox 878 2585 940 2650; x_wconf 86' lang='lat' dir='ltr'><strong>elii</strong></span> <span class='ocrx_word' id='word_1_152' title='bbox 966 2603 1046 2650; x_wconf 87' lang='lat' dir='ltr'><strong>cum</strong></span> <span class='ocrx_word' id='word_1_153' title='bbox 1078 2584 1224 2650; x_wconf 82' lang='lat' dir='ltr'><strong>Devoti:</strong></span> <span class='ocrx_word' id='word_1_154' title='bbox 1245 2581 1409 2670; x_wconf 78' lang='lat' dir='ltr'><strong>Quidquid</strong></span> 
     </span>
     <span class='ocr_line' id='line_1_22' title="bbox 298 2689 1407 2780; baseline -0.005 -20"><span class='ocrx_word' id='word_1_155' title='bbox 298 2702 331 2760; x_wconf 87' lang='lat' dir='ltr'><strong>et</strong></span> <span class='ocrx_word' id='word_1_156' title='bbox 345 2697 382 2760; x_wconf 87' lang='lat' dir='ltr'><strong>ia</strong></span> <span class='ocrx_word' id='word_1_157' title='bbox 396 2693 550 2760; x_wconf 80' lang='lat' dir='ltr'><strong>Ecclesia</strong></span> <span class='ocrx_word' id='word_1_158' title='bbox 563 2704 707 2779; x_wconf 86' lang='lat' dir='ltr'><strong>praeter</strong></span> <span class='ocrx_word' id='word_1_159' title='bbox 714 2711 887 2780; x_wconf 81' lang='lat' dir='ltr'><strong>personas</strong></span> <span class='ocrx_word' id='word_1_160' title='bbox 900 2703 933 2758; x_wconf 88' lang='lat' dir='ltr'><strong>et</strong></span> <span class='ocrx_word' id='word_1_161' title='bbox 945 2694 1091 2780; x_wconf 78' lang='lat' dir='ltr'><strong>judicia.</strong></span> <span class='ocrx_word' id='word_1_162' title='bbox 1109 2691 1246 2758; x_wconf 83' lang='lat' dir='ltr'><strong>Neutra</strong></span> <span class='ocrx_word' id='word_1_163' title='bbox 1260 2689 1407 2756; x_wconf 87' lang='lat' dir='ltr'><strong>definitio</strong></span> 
     </span>
     <span class='ocr_line' id='line_1_23' title="bbox 298 2799 1407 2884; baseline -0.004 -18"><span class='ocrx_word' id='word_1_164' title='bbox 298 2801 401 2866; x_wconf 92' lang='lat' dir='ltr'><strong>nobis</strong></span> <span class='ocrx_word' id='word_1_165' title='bbox 428 2802 534 2884; x_wconf 91' lang='lat' dir='ltr'><strong>plene</strong></span> <span class='ocrx_word' id='word_1_166' title='bbox 553 2801 703 2866; x_wconf 88' lang='lat' dir='ltr'><strong>arridet:</strong></span> <span class='ocrx_word' id='word_1_167' title='bbox 724 2801 843 2866; x_wconf 87' lang='lat' dir='ltr'><strong>altera</strong></span> <span class='ocrx_word' id='word_1_168' title='bbox 856 2800 941 2883; x_wconf 88' lang='lat' dir='ltr'><strong>quia</strong></span> <span class='ocrx_word' id='word_1_169' title='bbox 959 2799 1167 2884; x_wconf 86' lang='lat' dir='ltr'><strong>adaequata</strong></span> <span class='ocrx_word' id='word_1_170' title='bbox 1184 2803 1220 2866; x_wconf 94' lang='lat' dir='ltr'><strong>et</strong></span> <span class='ocrx_word' id='word_1_171' title='bbox 1237 2799 1407 2884; x_wconf 86' lang='lat' dir='ltr'><strong>completa</strong></span> 
     </span>
     <span class='ocr_line' id='line_1_24' title="bbox 298 2907 1408 2993; baseline -0.005 -19"><span class='ocrx_word' id='word_1_172' title='bbox 298 2927 370 2974; x_wconf 88' lang='lat' dir='ltr'><strong>nou</strong></span> <span class='ocrx_word' id='word_1_173' title='bbox 398 2915 465 2991; x_wconf 84' lang='lat' dir='ltr'><strong>est,</strong></span> <span class='ocrx_word' id='word_1_174' title='bbox 490 2909 668 2993; x_wconf 90' lang='lat' dir='ltr'><strong>siquidem</strong></span> <span class='ocrx_word' id='word_1_175' title='bbox 699 2908 780 2992; x_wconf 90' lang='lat' dir='ltr'><strong>plus</strong></span> <span class='ocrx_word' id='word_1_176' title='bbox 806 2907 1039 2991; x_wconf 89' lang='lat' dir='ltr'><strong>amplectitur</strong></span> <span class='ocrx_word' id='word_1_177' title='bbox 1072 2927 1180 2991; x_wconf 88' lang='lat' dir='ltr'><strong>quem</strong></span> <span class='ocrx_word' id='word_1_178' title='bbox 1212 2908 1408 2992; x_wconf 85' lang='lat' dir='ltr'><strong>exprimunt</strong></span> 
     </span>
     <span class='ocr_line' id='line_1_25' title="bbox 298 3012 1407 3098; baseline -0.003 -18"><span class='ocrx_word' id='word_1_179' title='bbox 298 3015 425 3095; x_wconf 74' lang='lat' dir='ltr'><strong>verbm</strong></span> <span class='ocrx_word' id='word_1_180' title='bbox 440 3015 573 3080; x_wconf 89' lang='lat' dir='ltr'><strong>etenim</strong></span> <span class='ocrx_word' id='word_1_181' title='bbox 591 3013 800 3081; x_wconf 85' lang='lat' dir='ltr'><strong>secerdotes</strong></span> <span class='ocrx_word' id='word_1_182' title='bbox 819 3015 1028 3098; x_wconf 89' lang='lat' dir='ltr'><strong>caeterique</strong></span> <span class='ocrx_word' id='word_1_183' title='bbox 1043 3013 1197 3079; x_wconf 86' lang='lat' dir='ltr'><strong>ministri</strong></span> <span class='ocrx_word' id='word_1_184' title='bbox 1212 3014 1307 3080; x_wconf 85' lang='lat' dir='ltr'><strong>sacri</strong></span> <span class='ocrx_word' id='word_1_185' title='bbox 1320 3012 1407 3096; x_wconf 89' lang='lat' dir='ltr'><strong>equi·</strong></span> 
     </span>
    </p>
   </div>
   <div class='ocr_carea' id='block_1_3' title="bbox 298 3121 1496 3204">
    <p class='ocr_par' dir='ltr' id='par_1_3' title="bbox 298 3121 1496 3204">
     <span class='ocr_line' id='line_1_26' title="bbox 298 3121 1496 3204; baseline -0.003 -18"><span class='ocrx_word' id='word_1_186' title='bbox 298 3121 378 3187; x_wconf 93' lang='lat' dir='ltr'><strong>dem</strong></span> <span class='ocrx_word' id='word_1_187' title='bbox 407 3122 555 3186; x_wconf 86' lang='lat' dir='ltr'><strong>utilitati</strong></span> <span class='ocrx_word' id='word_1_188' title='bbox 582 3121 771 3187; x_wconf 83' lang='lat' dir='ltr'><strong>Ecclesiae</strong></span> <span class='ocrx_word' id='word_1_189' title='bbox 788 3122 1012 3204; x_wconf 83' lang='lat' dir='ltr'><strong>deserviunt,</strong></span> <span class='ocrx_word' id='word_1_190' title='bbox 1034 3126 1071 3187; x_wconf 89' lang='lat' dir='ltr'><strong>et</strong></span> <span class='ocrx_word' id='word_1_191' title='bbox 1098 3125 1220 3187; x_wconf 89' lang='lat' dir='ltr'><strong>tomen</strong></span> <span class='ocrx_word' id='word_1_192' title='bbox 1248 3123 1408 3187; x_wconf 90' lang='lat' dir='ltr'><strong>uousunt</strong></span> <span class='ocrx_word' id='word_1_193' title='bbox 1495 3189 1496 3204; x_wconf 45' lang='lat'><strong>,</strong></span> 
     </span>
    </p>
   </div>
   <div class='ocr_carea' id='block_1_4' title="bbox 297 3228 1406 3421">
    <p class='ocr_par' dir='ltr' id='par_1_4' title="bbox 297 3228 1406 3421">
     <span class='ocr_line' id='line_1_27' title="bbox 297 3228 1406 3311; baseline -0.005 -16"><span class='ocrx_word' id='word_1_194' title='bbox 297 3246 368 3310; x_wconf 86' lang='lat' dir='ltr'><strong>res,</strong></span> <span class='ocrx_word' id='word_1_195' title='bbox 387 3228 451 3293; x_wconf 90' lang='lat' dir='ltr'><strong>sed</strong></span> <span class='ocrx_word' id='word_1_196' title='bbox 476 3245 655 3311; x_wconf 88' lang='lat' dir='ltr'><strong>personae</strong></span> <span class='ocrx_word' id='word_1_197' title='bbox 672 3229 958 3294; x_wconf 80' lang='lat' dir='ltr'><strong>ecclesiasticae:</strong></span> <span class='ocrx_word' id='word_1_198' title='bbox 985 3229 1103 3293; x_wconf 89' lang='lat' dir='ltr'><strong>altera</strong></span> <span class='ocrx_word' id='word_1_199' title='bbox 1131 3229 1236 3296; x_wconf 92' lang='lat' dir='ltr'><strong>nimis</strong></span> <span class='ocrx_word' id='word_1_200' title='bbox 1264 3245 1353 3310; x_wconf 83' lang='lat' dir='ltr'><strong>vaga</strong></span> <span class='ocrx_word' id='word_1_201' title='bbox 1373 3230 1406 3290; x_wconf 88' lang='lat' dir='ltr'><strong>et</strong></span> 
     </span>
     <span class='ocr_line' id='line_1_28' title="bbox 297 3333 1406 3421; baseline -0.007 -18"><span class='ocrx_word' id='word_1_202' title='bbox 297 3337 578 3404; x_wconf 85' lang='lat' dir='ltr'><strong>indeterminata</strong></span> <span class='ocrx_word' id='word_1_203' title='bbox 606 3346 772 3421; x_wconf 88' lang='lat' dir='ltr'><strong>apparet;</strong></span> <span class='ocrx_word' id='word_1_204' title='bbox 792 3343 935 3403; x_wconf 87' lang='lat' dir='ltr'><strong>atvero</strong></span> <span class='ocrx_word' id='word_1_205' title='bbox 968 3353 1014 3402; x_wconf 90' lang='lat' dir='ltr'><strong>ex</strong></span> <span class='ocrx_word' id='word_1_206' title='bbox 1046 3341 1200 3420; x_wconf 90' lang='lat' dir='ltr'><strong>utraque</strong></span> <span class='ocrx_word' id='word_1_207' title='bbox 1231 3333 1406 3402; x_wconf 81' lang='lat' dir='ltr'><strong>efformari</strong></span> 
     </span>
    </p>
   </div>
   <div class='ocr_carea' id='block_1_5' title="bbox 297 3444 1495 3532">
    <p class='ocr_par' dir='ltr' id='par_1_5' title="bbox 297 3444 1495 3532">
     <span class='ocr_line' id='line_1_29' title="bbox 297 3444 1495 3532; baseline -0.006 -20"><span class='ocrx_word' id='word_1_208' title='bbox 297 3451 418 3532; x_wconf 88' lang='lat' dir='ltr'><strong>potest</strong></span> <span class='ocrx_word' id='word_1_209' title='bbox 431 3453 532 3512; x_wconf 89' lang='lat' dir='ltr'><strong>recta</strong></span> <span class='ocrx_word' id='word_1_210' title='bbox 548 3451 658 3529; x_wconf 88' lang='lat' dir='ltr'><strong>atque</strong></span> <span class='ocrx_word' id='word_1_211' title='bbox 675 3445 883 3530; x_wconf 87' lang='lat' dir='ltr'><strong>adaequata</strong></span> <span class='ocrx_word' id='word_1_212' title='bbox 900 3445 1059 3511; x_wconf 89' lang='lat' dir='ltr'><strong>definitio</strong></span> <span class='ocrx_word' id='word_1_213' title='bbox 1077 3463 1135 3510; x_wconf 90' lang='lat' dir='ltr'><strong>res</strong></span> <span class='ocrx_word' id='word_1_214' title='bbox 1149 3444 1405 3512; x_wconf 87' lang='lat' dir='ltr'><strong>ecclesiasticas</strong></span> <span class='ocrx_word' id='word_1_215' title='bbox 1494 3475 1495 3492; x_wconf 39' lang='lat' dir='ltr'><strong>t</strong></span> 
     </span>
    </p>
   </div>
   <div class='ocr_carea' id='block_1_6' title="bbox 295 3552 1405 3965">
    <p class='ocr_par' dir='ltr' id='par_1_6' title="bbox 295 3552 1405 3751">
     <span class='ocr_line' id='line_1_30' title="bbox 297 3552 1405 3638; baseline -0.006 -17"><span class='ocrx_word' id='word_1_216' title='bbox 297 3554 552 3638; x_wconf 87' lang='lat' dir='ltr'><strong>nuncupando:</strong></span> <span class='ocrx_word' id='word_1_217' title='bbox 574 3555 698 3620; x_wconf 86' lang='lat' dir='ltr'><strong>Omaia</strong></span> <span class='ocrx_word' id='word_1_218' title='bbox 730 3575 817 3638; x_wconf 83' lang='lat' dir='ltr'><strong>puae</strong></span> <span class='ocrx_word' id='word_1_219' title='bbox 844 3552 1020 3620; x_wconf 79' lang='lat' dir='ltr'><strong>Ecclesiae</strong></span> <span class='ocrx_word' id='word_1_220' title='bbox 1049 3553 1195 3620; x_wconf 82' lang='lat' dir='ltr'><strong>utilitati</strong></span> <span class='ocrx_word' id='word_1_221' title='bbox 1222 3552 1405 3632; x_wconf 80' lang='lat' dir='ltr'><strong>deserviunt</strong></span> 
     </span>
     <span class='ocr_line' id='line_1_31' title="bbox 295 3663 840 3751; baseline 0 -23"><span class='ocrx_word' id='word_1_222' title='bbox 295 3673 435 3751; x_wconf 86' lang='lat' dir='ltr'><strong>praeter</strong></span> <span class='ocrx_word' id='word_1_223' title='bbox 457 3683 630 3748; x_wconf 79' lang='lat' dir='ltr'><strong>personas</strong></span> <span class='ocrx_word' id='word_1_224' title='bbox 648 3663 840 3750; x_wconf 85' lang='lat' dir='ltr'><strong>etjudicia.</strong></span> 
     </span>
    </p>

    <p class='ocr_par' dir='ltr' id='par_1_7' title="bbox 297 3765 1404 3965">
     <span class='ocr_line' id='line_1_32' title="bbox 388 3765 1404 3854; baseline -0.006 -18"><span class='ocrx_word' id='word_1_225' title='bbox 388 3772 464 3836; x_wconf 79' lang='lat'>109.</span> <span class='ocrx_word' id='word_1_226' title='bbox 513 3771 582 3836; x_wconf 87' lang='lat' dir='ltr'><strong>Res</strong></span> <span class='ocrx_word' id='word_1_227' title='bbox 607 3769 880 3836; x_wconf 85' lang='lat' dir='ltr'><strong>ecclesiasticae</strong></span> <span class='ocrx_word' id='word_1_228' title='bbox 897 3771 1031 3854; x_wconf 91' lang='lat' dir='ltr'><strong>passim</strong></span> <span class='ocrx_word' id='word_1_229' title='bbox 1049 3776 1086 3838; x_wconf 91' lang='lat' dir='ltr'><strong>et</strong></span> <span class='ocrx_word' id='word_1_230' title='bbox 1102 3771 1336 3838; x_wconf 90' lang='lat' dir='ltr'><strong>communiter</strong></span> <span class='ocrx_word' id='word_1_231' title='bbox 1351 3765 1404 3832; x_wconf 93' lang='lat' dir='ltr'><strong>tri-</strong></span> 
     </span>
     <span class='ocr_line' id='line_1_33' title="bbox 297 3873 1404 3965; baseline -0.004 -23"><span class='ocrx_word' id='word_1_232' title='bbox 297 3877 465 3942; x_wconf 88' lang='lat' dir='ltr'><strong>buuntur:</strong></span> <span class='ocrx_word' id='word_1_233' title='bbox 487 3877 538 3942; x_wconf 91' lang='lat' dir='ltr'><strong>l.⁰</strong></span> <span class='ocrx_word' id='word_1_234' title='bbox 556 3877 592 3942; x_wconf 90' lang='lat' dir='ltr'><strong>in</strong></span> <span class='ocrx_word' id='word_1_235' title='bbox 616 3877 829 3962; x_wconf 83' lang='lat' dir='ltr'><strong>spirituales,</strong></span> <span class='ocrx_word' id='word_1_236' title='bbox 847 3880 1052 3965; x_wconf 83' lang='lat' dir='ltr'><strong>temporales</strong></span> <span class='ocrx_word' id='word_1_237' title='bbox 1081 3897 1126 3945; x_wconf 89' lang='lat' dir='ltr'><strong>ao</strong></span> <span class='ocrx_word' id='word_1_238' title='bbox 1150 3880 1293 3960; x_wconf 65' lang='lat' dir='ltr'><strong>miratam</strong></span> <span class='ocrx_word' id='word_1_239' title='bbox 1308 3877 1357 3942; x_wconf 79' lang='lat'><strong>2.⁰</strong></span> <span class='ocrx_word' id='word_1_240' title='bbox 1372 3873 1404 3938; x_wconf 92' lang='lat' dir='ltr'><strong>in</strong></span> 
     </span>
    </p>
   </div>
   <div class='ocr_carea' id='block_1_7' title="bbox 297 3983 1493 4070">
    <p class='ocr_par' dir='ltr' id='par_1_8' title="bbox 297 3983 1493 4070">
     <span class='ocr_line' id='line_1_34' title="bbox 297 3983 1493 4070; baseline 0.005 -21"><span class='ocrx_word' id='word_1_241' title='bbox 297 4003 428 4067; x_wconf 89' lang='lat' dir='ltr'><strong>sacras,</strong></span> <span class='ocrx_word' id='word_1_242' title='bbox 445 3991 584 4050; x_wconf 83' lang='lat' dir='ltr'><strong>sauctae</strong></span> <span class='ocrx_word' id='word_1_243' title='bbox 602 3989 638 4048; x_wconf 90' lang='lat' dir='ltr'><strong>et</strong></span> <span class='ocrx_word' id='word_1_244' title='bbox 661 3985 858 4070; x_wconf 83' lang='lat' dir='ltr'><strong>relipiosas;</strong></span> <span class='ocrx_word' id='word_1_245' title='bbox 875 3983 927 4050; x_wconf 84' lang='lat'><strong>3.⁰</strong></span> <span class='ocrx_word' id='word_1_246' title='bbox 944 3985 981 4052; x_wconf 89' lang='lat' dir='ltr'><strong>in</strong></span> <span class='ocrx_word' id='word_1_247' title='bbox 1008 3987 1157 4067; x_wconf 85' lang='lat' dir='ltr'><strong>mobiles,</strong></span> <span class='ocrx_word' id='word_1_248' title='bbox 1171 3985 1355 4056; x_wconf 80' lang='lat' dir='ltr'><strong>immobiles</strong></span> <span class='ocrx_word' id='word_1_249' title='bbox 1374 3983 1406 4054; x_wconf 74' lang='lat' dir='ltr'><strong>el</strong></span> <span class='ocrx_word' id='word_1_250' title='bbox 1492 4030 1493 4055; x_wconf 58' lang='lat' dir='ltr'><strong>i</strong></span> 
     </span>
    </p>
   </div>
   <div class='ocr_carea' id='block_1_8' title="bbox 298 4091 1406 4286">
    <p class='ocr_par' dir='ltr' id='par_1_9' title="bbox 298 4091 1406 4286">
     <span class='ocr_line' id='line_1_35' title="bbox 298 4091 1404 4200; baseline -0.001 -44"><span class='ocrx_word' id='word_1_251' title='bbox 298 4100 514 4158; x_wconf 82' lang='lat' dir='ltr'><strong>semoventes:</strong></span> <span class='ocrx_word' id='word_1_252' title='bbox 531 4091 691 4157; x_wconf 84' lang='lat' dir='ltr'><strong>secunda</strong></span> <span class='ocrx_word' id='word_1_253' title='bbox 715 4097 752 4156; x_wconf 91' lang='lat' dir='ltr'><strong>et</strong></span> <span class='ocrx_word' id='word_1_254' title='bbox 776 4093 884 4158; x_wconf 87' lang='lat' dir='ltr'><strong>tertia</strong></span> <span class='ocrx_word' id='word_1_255' title='bbox 909 4093 1056 4176; x_wconf 89' lang='lat' dir='ltr'><strong>partitio</strong></span> <span class='ocrx_word' id='word_1_256' title='bbox 1075 4093 1121 4158; x_wconf 91' lang='lat' dir='ltr'><strong>ad</strong></span> <span class='ocrx_word' id='word_1_257' title='bbox 1148 4097 1310 4181; x_wconf 84' lang='lat' dir='ltr'><strong>nostram</strong></span> <span class='ocrx_word' id='word_1_258' title='bbox 1323 4107 1404 4200; x_wconf 75' lang='lat' dir='ltr'><strong>pro·</strong></span> 
     </span>
     <span class='ocr_line' id='line_1_36' title="bbox 298 4198 1406 4286; baseline -0.004 -20"><span class='ocrx_word' id='word_1_259' title='bbox 298 4199 457 4266; x_wconf 89' lang='lat' dir='ltr'><strong>vinciam</strong></span> <span class='ocrx_word' id='word_1_260' title='bbox 485 4217 558 4266; x_wconf 88' lang='lat' dir='ltr'><strong>nou</strong></span> <span class='ocrx_word' id='word_1_261' title='bbox 585 4201 753 4286; x_wconf 84' lang='lat' dir='ltr'><strong>attinent,</strong></span> <span class='ocrx_word' id='word_1_262' title='bbox 779 4203 843 4269; x_wconf 85' lang='lat' dir='ltr'><strong>sed</strong></span> <span class='ocrx_word' id='word_1_263' title='bbox 870 4202 1121 4272; x_wconf 78' lang='lat' dir='ltr'><strong>sub..dominio</strong></span> <span class='ocrx_word' id='word_1_264' title='bbox 1149 4201 1247 4268; x_wconf 89' lang='lat' dir='ltr'><strong>Juris</strong></span> <span class='ocrx_word' id='word_1_265' title='bbox 1276 4198 1406 4267; x_wconf 85' lang='lat' dir='ltr'><strong>Privati</strong></span> 
     </span>
    </p>
   </div>
   <div class='ocr_carea' id='block_1_9' title="bbox 299 4305 1492 4394">
    <p class='ocr_par' dir='ltr' id='par_1_10' title="bbox 299 4305 1492 4394">
     <span class='ocr_line' id='line_1_37' title="bbox 299 4305 1492 4394; baseline -0.003 -21"><span class='ocrx_word' id='word_1_266' title='bbox 299 4307 444 4391; x_wconf 83' lang='lat' dir='ltr'><strong>cadunt,</strong></span> <span class='ocrx_word' id='word_1_267' title='bbox 464 4309 617 4393; x_wconf 88' lang='lat' dir='ltr'><strong>ideoque</strong></span> <span class='ocrx_word' id='word_1_268' title='bbox 630 4327 696 4393; x_wconf 89' lang='lat' dir='ltr'><strong>pro</strong></span> <span class='ocrx_word' id='word_1_269' title='bbox 726 4310 934 4376; x_wconf 89' lang='lat' dir='ltr'><strong>delinitione</strong></span> <span class='ocrx_word' id='word_1_270' title='bbox 956 4311 1236 4394; x_wconf 86' lang='lat' dir='ltr'><strong>uniuscujusque</strong></span> <span class='ocrx_word' id='word_1_271' title='bbox 1266 4305 1406 4376; x_wconf 90' lang='lat' dir='ltr'><strong>membri</strong></span> <span class='ocrx_word' id='word_1_272' title='bbox 1491 4327 1492 4344; x_wconf 68' lang='lat'><em>³</em></span> 
     </span>
    </p>
   </div>
   <div class='ocr_carea' id='block_1_10' title="bbox 0 0 1516 4994">
    <p class='ocr_par' dir='ltr' id='par_1_11' title="bbox 0 0 1516 4994">
     <span class='ocr_line' id='line_1_38' title="bbox 0 0 1516 4994; baseline 0 2"><span class='ocrx_word' id='word_1_273' title='bbox 0 0 1516 4994; x_wconf 95' lang='lat' dir='ltr'><strong> </strong></span> 
     </span>
    </p>
   </div>
  </div>
 </body>
</html>
