3120 4988
822 420 978 480 ...18-

341 570 397 654 lis,
417 587 511 654 quae
527 569 679 652 singulis
696 567 931 634 societatibus
948 565 995 630 sit
1011 566 1117 632 unico
1134 569 1296 650 propria,
1311 585 1382 634 non
1401 585 1462 651 po·

342 679 413 741 test
430 693 509 742 esse
527 675 597 742 nisi
620 675 714 756 tinis;
733 673 819 758 quia
836 692 882 740 ex
907 677 1062 756 quatuor
1079 675 1268 740 elementis
1286 675 1462 740 essentia-

341 782 435 848 libus
468 781 537 848 duo
571 781 707 865 priora,
743 799 886 864 nempe,
920 781 1103 846 multitudo
1137 781 1320 846 homiuum
1351 784 1464 866 atque

342 891 487 956 moralia
504 889 599 954 inter·
616 907 678 954 eos
696 889 954 976 conjunctam
978 905 1018 952 se
1033 891 1201 971 spectata
1217 907 1298 954 oum
1314 907 1463 972 separa·

342 993 440 1059 tione
468 1013 491 1058 a
518 995 601 1075 line,
629 993 832 1058 communia
864 997 948 1058 suut
978 995 1105 1078 penori,
1134 993 1170 1058 id
1217 996 1285 1075 est,
1314 994 1466 1060 cuilibet

342 1102 522 1183 societati3
542 1102 687 1166 tertium
702 1105 835 1182 autem,
854 1099 1028 1165 videlicet
1041 1102 1166 1185 media,
1185 1107 1325 1168 nonest
1340 1120 1409 1187 per
1426 1121 1465 1167 se

343 1208 633 1290 determinatum,
652 1207 806 1291 ideoque
825 1207 906 1272 aliis
923 1207 1232 1274 adsociationibus
1249 1213 1465 1294 potestesse

343 1333 546 1398 communc;
566 1315 630 1381 sed
646 1319 814 1399 quartum
840 1316 1072 1400 elementum,
1091 1317 1260 1382 nimirum
1272 1319 1363 1405 fiais,
1377 1318 1467 1383 licet

342 1425 380 1490 in
397 1442 532 1507 genere
555 1423 771 1490 societatum
789 1423 836 1488 sit
859 1423 969 1508 plane
996 1424 1327 1508 indeterminatum,
1345 1425 1465 1492 deter-

344 1533 501 1598 minatur
527 1549 616 1598 vero
649 1535 790 1598 tautum
818 1531 856 1596 in
887 1531 1039 1614 singulis
1067 1533 1314 1615 societatibus,
1345 1533 1400 1598 ita
1429 1539 1468 1597 ut

344 1639 624 1722 uuiuscujusque
651 1639 698 1703 sit
715 1639 819 1702 uuice
837 1638 1035 1720 proprium.
1055 1639 1159 1704 Unde
1182 1643 1282 1705 recte
1298 1640 1466 1723 sequitur

271 1805 278 1824 ,
343 1764 389 1811 ex
404 1747 474 1811 fine
501 1750 641 1811 tautum
659 1745 893 1810 determinari
910 1763 1017 1828 posse
1034 1745 1230 1811 essentiam
1253 1763 1316 1811 seu
1335 1765 1465 1813 veram

344 1853 558 1918 societatum
587 1853 888 1940 specificatioaem,·
905 1851 1001 1936 quod
1017 1853 1049 1916 si
1065 1852 1138 1916 siut
1166 1852 1288 1935 plures
1312 1854 1466 1920 societa-

346 1966 412 2044 tes,
432 1979 526 2044 quae
543 1960 708 2026 eumdem
724 1960 831 2024 finem
849 1959 1056 2042 speciflcum
1074 1960 1143 2026 sibi
1161 1967 1381 2045 proponunt,
1401 1981 1468 2028 eae

344 2086 417 2134 uon
444 2067 579 2151 specie,
598 2066 662 2132 sed
692 2085 841 2132 numero
875 2068 1124 2134 tautummodo
1157 2067 1344 2151 differunt,
1364 2070 1468 2134 velut

345 2176 468 2259 plures
484 2178 599 2240 status
617 2193 680 2240 scu
699 2192 825 2258 regna:
845 2175 928 2240 hinc
945 2175 974 2240 si
987 2175 1068 2240 finis
1081 2175 1267 2240 societatis
1286 2180 1467 2259 tempora-

348 2284 392 2348 lis
405 2283 466 2348 vel
483 2283 667 2347 naturalis
684 2282 808 2364 fuerit,
824 2283 981 2346 societas
1012 2289 1141 2367 suapte
1167 2288 1298 2346 natura
1331 2283 1471 2348 ordinis

347 2390 558 2472 temporalis
576 2389 638 2456 vel
657 2390 838 2454 naturalis
864 2389 945 2471 erit;
964 2390 995 2454 si
1013 2393 1132 2455 autem
1146 2390 1227 2454 finis
1241 2390 1470 2472 adaequatus

347 2499 533 2562 societatis
560 2497 745 2562 exstiterit
774 2497 974 2580 spiritualis
992 2497 1052 2561 vel
1070 2496 1371 2579 supernaturalis,
1390 2498 1472 2582 ipsa

348 2605 504 2671 societas
533 2605 579 2669 ad
604 2605 767 2670 ordinem
796 2604 1024 2686 spiritualem
1056 2605 1117 2670 vel
1149 2605 1471 2687 supernaturalem

349 2712 541 2796 spectabit,
562 2717 598 2778 et
623 2715 662 2776 ut
692 2711 776 2777 talis
804 2711 1074 2793 specificabitur
1102 2711 1244 2776 ratione
1275 2711 1355 2776 linis
1388 2730 1470 2795 pro-

349 2821 419 2906 prii
436 2825 472 2886 et
500 2819 708 2904 adaequati,
737 2819 903 2902 quamvis
936 2818 981 2883 ob
1014 2818 1133 2883 media
1162 2836 1233 2883 non
1252 2819 1370 2884 solum
1398 2821 1470 2904 spi-

348 2930 489 2995 ritualis
516 2933 579 2992 aut
606 2926 894 3010 supernaturalis
925 2927 1005 3009 erit,
1025 2926 1090 2991 sed
1115 2925 1224 2991 etiam
1252 2931 1406 2992 externa
1437 2931 1473 2993 ct

349 3036 515 3113 visibilis,
535 3036 642 3099 itaut
666 3033 784 3100 media
813 3033 987 3098 adbibere
1005 3035 1118 3117 possit
1135 3034 1272 3099 mixtae
1301 3037 1470 3119 naturae,

349 3141 491 3207 scilicet
503 3141 709 3223 spiritualia
722 3141 1072 3224 etsupernaturalia,
1091 3141 1269 3224 simulque
1282 3142 1474 3208 sensibilia

352 3251 461 3330 atque
490 3247 686 3329 exteriora;
704 3247 909 3332 spiritualia
927 3251 963 3312 et
981 3247 1278 3332 supernaturalia,
1297 3253 1336 3313 ut
1360 3250 1473 3316 effec-

352 3359 426 3420 tum
454 3353 680 3436 spiritualem
713 3358 749 3416 et
781 3354 1097 3436 supernaturalem
1126 3371 1279 3418 causare
1306 3356 1473 3439 valeant,

350 3461 529 3528 sensibilia
546 3479 589 3526 ac
606 3462 789 3542 anteriora,
805 3465 843 3525 ut
857 3461 902 3526 ab
916 3460 1099 3526 homiuum
1112 3459 1289 3526 societate
1303 3460 1474 3528 adminis-

352 3570 443 3634 trari
461 3573 497 3633 et
510 3566 678 3650 usurpari
691 3573 837 3650 queant.

440 3675 492 3740 4.⁰
537 3676 738 3756 Postremo,
754 3675 838 3757 jura
871 3675 1004 3758 omnia,
1025 3695 1118 3759 quae
1151 3695 1216 3761 pro
1246 3695 1313 3742 sua
1341 3683 1476 3743 natura

353 3783 519 3850 societati
537 3785 759 3864 competunt,
780 3783 920 3864 exejus
949 3783 1019 3847 line
1036 3783 1235 3864 dimauaut3
1254 3789 1294 3849 ut
1309 3783 1406 3850 euim
1425 3785 1477 3850 ait

354 3891 576 3958 clarissimus
593 3890 779 3974 Taparelli
796 3889 855 3974 (1),
872 3891 931 3970 jus
946 3895 1001 3956 est
1019 3895 1181 3974 potestas
1200 3891 1247 3966 ad
1259 3893 1361 3973 illud,
1379 3892 1477 3974 quod

355 4000 402 4066 ad
417 4000 569 4070 rationis
592 4015 756 4063 normam
785 4000 970 4081 competit;
990 4003 1028 4062 at
1054 3999 1091 4063 iu
1120 4000 1282 4083 qualibet
1298 3999 1477 4064 societate

355 4107 529 4192 quidquid
542 4106 699 4170 alienum
712 4109 801 4170 esta
818 4105 901 4189 fine,
915 4111 1057 4172 nonest
1071 4106 1118 4171 ad
1130 4108 1282 4172 rationis
1295 4124 1475 4189 normam,

358 4257 516 4267 —--—

426 4341 463 4408 (l)
500 4337 599 4407 Sappio
613 4338 735 4392 tcorctico
748 4337 777 4391 di
790 4337 884 4392 ‹irritu›
898 4337 1059 4406 ‚retractas
1073 4341 1120 4390 341
1137 4341 1164 4392 rt
1174 4355 1242 4404 seqq.
