3030 4990
793 303 890 360 ..88
922 339 949 350 ..

313 447 454 532 ductus,
473 449 623 530 fatetur,
643 445 689 513 de
701 449 809 514 rebus
827 449 995 516 civilibus
1009 449 1225 532 judicabant
1248 449 1284 514 in
1298 449 1430 514 bonum

312 555 550 638 reipublicae,
569 555 671 638 pacis
683 555 830 622 socialis
849 557 1009 640 tutelam,
1026 556 1291 640 firmioremque
1307 554 1432 620 Status

312 662 617 728 constitutionem.

401 751 457 818 Ad
472 753 758 838 subscriptionem
771 751 866 837 quod
883 754 1045 836 respicit,
1063 753 1251 837 Principes
1276 772 1341 820 sua
1370 773 1430 817 au-

313 860 483 926 ctoritate
499 858 648 925 decreta
665 860 878 926 conciliaria
906 861 1113 944 signabant,
1135 879 1205 927 non
1222 866 1262 926 ut
1290 861 1430 944 legibus

313 967 572 1033 ecclesiasticis
589 967 753 1034 valorem
772 967 993 1049 conferrent,
1010 967 1075 1034 sed
1092 971 1131 1033 ut
1143 985 1302 1034 canones
1321 969 1367 1034 de
1393 985 1431 1032 se

309 1075 386 1156 Jam
404 1075 613 1158 obligatorii
630 1093 696 1140 ceu
714 1097 962 1142 aomoconones
993 1075 1227 1159 haberentur,
1259 1077 1329 1140 hoc
1363 1081 1428 1154 est,

312 1181 418 1247 simul
436 1187 558 1247 essent
576 1186 614 1248 et
633 1182 680 1248 ab
699 1182 863 1248 omnibus
882 1183 1133 1266 reciperentur
1165 1188 1350 1266 tamquam
1384 1181 1430 1245 le·

312 1305 376 1372 ges
390 1290 662 1356 ecclesiasticae
679 1293 716 1354 et
730 1290 870 1372 civiles,
890 1291 929 1354 vi
945 1291 1115 1356 coactiva
1131 1298 1168 1354 et
1191 1289 1319 1372 vigore
1344 1289 1430 1370 juri-

313 1394 393 1460 dico
407 1394 504 1480 apud
527 1397 708 1481 quoslibet
725 1398 882 1464 nationis
893 1397 1045 1482 Judices,
1060 1397 1291 1464 administros
1321 1400 1358 1462 et
1375 1413 1429 1460 cu-

313 1503 423 1570 riales
445 1503 658 1572 instructae.

401 1608 504 1691 Quod
522 1611 568 1676 ad
585 1613 829 1698 dispositioncs
846 1615 905 1680 vel
923 1616 1060 1678 statuta
1092 1613 1300 1696 Principum
1335 1611 1430 1676 circa

312 1735 371 1784 res
387 1719 658 1785 ecclesiasticas
677 1719 819 1802 attinet,
849 1725 887 1786 et
915 1737 1008 1805 quae
1034 1720 1133 1785 baud
1160 1738 1244 1785 raro
1275 1720 1310 1783 in
1339 1718 1430 1784 actis

313 1823 569 1891 conciliaribus
582 1825 831 1910 inveniuntur,
846 1829 877 1892 si
892 1826 1036 1912 quando
1050 1827 1227 1909 ejusmodi
1240 1826 1429 1910 providen-

312 1933 385 1998 tiae
403 1935 467 1997 aut
482 1933 607 2016 regiae
624 1933 872 2000 ordinationes
891 1935 1082 2000 excessive
1107 1935 1166 1999 vel
1182 1933 1345 1998 indebite
1361 1931 1430 1997 edi-

312 2043 372 2104 tae
389 2039 474 2122 sint,
494 2045 595 2107 certo
613 2041 884 2107 damnationem
899 2046 1085 2108 merentur
1102 2046 1139 2106 et
1155 2041 1245 2106 nihil
1262 2040 1428 2124 probant;

313 2151 351 2212 at
370 2165 457 2214 vero
474 2148 701 2232 frequentius
715 2148 935 2232 reprehendi
949 2153 1191 2233 nequeunt‚nt
1207 2154 1294 2231 pote
1311 2149 1427 2230 aequi·

314 2258 401 2338 tate,
419 2257 637 2321 necessitate
651 2257 712 2322 vel
726 2257 921 2340 prudentia
951 2259 1137 2339 suffultae,
1172 2261 1283 2339 atque
1311 2256 1347 2320 in
1375 2255 1430 2318 de·

312 2362 514 2429 tensionem
532 2363 614 2429 ddei
633 2367 670 2429 et
693 2363 882 2430 Ecclesiae
913 2365 1047 2430 bonum
1072 2364 1182 2446 latae;
1216 2365 1270 2428 ita
1303 2363 1428 2428 Becca-

312 2471 420 2536 reduc
447 2470 615 2536 Patribus
644 2471 780 2555 Synodi
812 2471 1011 2536 Toletanae
1028 2471 1082 2536 Ill
1108 2471 1300 2555 proposuit
1330 2474 1368 2534 ut
1396 2469 1429 2532 iu

312 2578 555 2644 Sacrcsancta
583 2579 693 2644 Missa
725 2579 944 2644 recitaretur
971 2577 1091 2661 Grada
1124 2580 1269 2662 praxim
1298 2578 1428 2660 absque

312 2687 385 2751 ullo
413 2685 520 2752 dubio
554 2703 783 2769 summopere
812 2687 936 2752 utilem
964 2691 1115 2770 propter
1146 2686 1428 2752 recentissimam

312 2795 473 2860 haeresis
507 2795 657 2858 arianae
687 2794 955 2876 abjurationem
976 2794 1013 2860 in
1040 2793 1110 2859 boc
1138 2791 1301 2858 Concilio
1329 2809 1425 2876 pera·

314 2906 421 2984 ctam,
442 2907 478 2966 et
501 2899 611 2966 valde
627 2918 825 2968 consonam
846 2903 925 2968 usui
956 2902 991 2966 in
1022 2901 1189 2967 Ecclesia
1206 2897 1427 2968 Occidentali

313 3009 448 3093 passim
461 3012 621 3090 recepto.

402 3115 567 3198 Denique
585 3117 649 3182 vix
665 3119 887 3183 refutatione
905 3117 1044 3198 indiget
1076 3117 1272 3182 difficultas
1305 3117 1425 3182 adver·

313 3223 492 3289 sariorum
509 3241 555 3288 ex
570 3225 703 3306 agendi
719 3226 862 3290 ratione
878 3225 1016 3308 Regum
1037 3224 1237 3309 Hispaniae
1254 3226 1291 3288 in
1309 3224 1427 3290 ordine

313 3331 359 3396 ad
368 3333 753 3398 accommanicottoaem
762 3334 890 3415 petita.
902 3333 1015 3414 AJuut
1027 3333 1122 3397 enim
1136 3337 1261 3397 nostra
1271 3330 1426 3398 Concilio

313 3439 539 3522 Principibus
552 3439 802 3506 saecularibus
816 3440 989 3505 detulisse
1001 3441 1215 3506 facultatem
1229 3455 1425 3506 excommn-

313 3547 515 3612 uicationes
533 3546 762 3629 fulminandi,
782 3564 824 3612 eo
837 3548 915 3630 ipso
930 3546 1025 3630 quod
1042 3548 1078 3610 in
1096 3547 1167 3610 illis
1182 3547 1242 3629 jus
1275 3559 1425 3629 agnove-

312 3658 396 3720 runt
409 3653 569 3719 irretitos
586 3653 655 3718 hac
674 3670 829 3719 censura
853 3654 1079 3720 absolvendi.

402 3759 471 3825 Sed
485 3765 639 3845 utraque
657 3763 811 3828 assertio
825 3763 920 3827 falsa
933 3767 1000 3846 est,
1020 3760 1197 3846 siquidem
1210 3761 1310 3827 facta
1325 3762 1424 3828 histo-

312 3863 573 3933 ricaobs'curat
591 3873 699 3950 atque
729 3867 911 3952 deturpat;
943 3886 1033 3934 vera
1061 3869 1240 3934 factorum
1268 3866 1423 3934 narratio

312 3978 364 4040 ita
379 3991 418 4039 se
435 3974 556 4039 habet:
574 3980 812 4058 posteaquam
829 3975 882 4041 rei
901 3976 946 4040 ob
960 3980 1142 4058 patratum
1157 3975 1295 4040 crimen
1309 3977 1423 4041 laesae

312 4082 514 4164 majestatis
531 4081 568 4145 ln
585 4099 741 4164 poenam
758 4083 1142 4149 excommunicationis
1159 4082 1380 4164 incidissent,
1397 4077 1424 4142 si

312 4190 485 4272 deinceps
501 4188 690 4271 Principes
719 4191 917 4256 cumhisce
949 4191 1271 4257 excommunicatis
1303 4201 1421 4257 conve·
