3120 4988
575 446 730 504 -fi1„

107 607 190 671 mae,
206 607 332 656 sensus
349 590 495 673 rationi,
514 592 591 656 vita
605 595 752 656 terrena
767 592 866 657 vitae
883 590 1076 674 spirituali.
1092 591 1126 656 S.
1144 590 1211 657 Ge-

107 697 206 762 laslus
222 699 273 761 its
290 697 337 762 ad
360 694 618 780 imperatorem
637 699 869 764 Anastasium
898 698 1093 764 scribebat:
1117 697 1213 774 Quod

107 806 133 870 si
147 805 268 872 dicent:
280 807 477 891 Imperator
489 807 550 872 troo
564 806 668 892 facit·
681 807 741 873 boc
754 808 868 892 ipsane
881 809 1002 891 quibus
1016 808 1213 887 canonibus,

107 912 216 994 quibus
241 913 370 998 repetis
400 919 449 978 est
465 915 736 998 praecepiebat...
754 914 793 978 st
822 921 986 998 oneratam
1003 915 1049 978 ael
1076 915 1213 999 rele'pio·

107 1039 174 1082 aea
185 1021 332 1106 pertinet
348 1021 487 1085 nonnisi
519 1017 740 1104 Apostolicae
757 1019 839 1085 Sede'
855 1023 965 1107 juata
983 1043 1129 1086 canones
1158 1022 1213 1086 cte·

107 1125 194 1188 tetur
209 1127 477 1212 sammajaclicr'i
493 1128 607 1192 totius.
626 1126 665 1192 st
679 1135 844 1210 quantum
861 1128 906 1192 ad
919 1129 1049 1194 saeculi
1062 1136 1214 1212 potesta-

108 1235 175 1308 tem,
191 1232 251 1298 itta
278 1255 300 1298 a
323 1234 547 1320 Pontificibus
574 1241 605 1300 et
628 1235 819 1319 praecipue
848 1256 869 1298 a
886 1236 927 1298 B.
957 1237 1053 1300 Petri
1077 1235 1214 1300 Vicarr'o

109 1336 193 1402 debet
218 1359 423 1425 obpressere,
441 1362 527 1424 quae
545 1341 665 1406 diviua
690 1349 780 1421 seat,
798 1363 866 1406 aon
882 1343 960 1426 ipsa
989 1343 1106 1408 eudem
1115 1343 1213 1429 judi-

108 1463 179 1508 care
195 1445 251 1524 (l).
265 1445 300 1511 S.
314 1445 337 1511 J
340 1464 476 1510 oannes
491 1445 769 1529 chrysostomus
784 1447 836 1511 sic
849 1448 1020 1530 loquitur:
1039 1449 1111 1514 Hoc
1125 1450 1215 1514 euim

110 1551 277 1634 imperium
294 1553 511 1638 (Ecclesiae)
528 1562 623 1619 tuoto
648 1555 744 1619 civiti
761 1555 983 1619 excellentius
1012 1561 1070 1635 est,
1089 1562 1215 1638 quanto

109 1659 225 1724 coelam
241 1667 334 1724 terra
352 1667 383 1725 et
397 1670 562 1744 quantam
576 1663 666 1726 later
684 1681 808 1745 corpas
826 1669 857 1726 et
873 1664 1027 1726 animam
1043 1662 1213 1727 discrimi-

110 1766 158 1830 nis
172 1776 225 1848 est,
243 1774 375 1832 tanturn
394 1769 472 1834 item
490 1770 532 1833 ab
550 1769 611 1834 illo
627 1768 688 1834 hoc
705 1769 812 1834 dietat
830 1769 891 1850 (2).
910 1769 1140 1833 Notissimum
1161 1775 1215 1832 cst

110 1869 141 1936 S.
154 1875 336 1957 Augustini
350 1877 501 1940 erratum
516 1876 585 1940 hac
599 1877 642 1940 do
657 1894 708 1942 re:
726 1878 922 1961 Imperator
935 1884 984 1942 est
997 1878 1032 1940 io
1046 1875 1214 1955 Ecclesia,

111 2001 168 2045 eoa
192 2004 296 2068 supra
329 2005 415 2048 eam.
444 1984 545 2048 Inter
576 1983 768 2064 Doctores,
798 2001 843 2048 ne
876 1982 1059 2064 longiores
1091 1983 1213 2064 simus,

111 2083 141 2148 S.
158 2085 430 2154 Beneventurae
460 2091 520 2170 (3),
539 2090 702 2172 Hugonis
721 2108 741 2153 e
759 2088 793 2153 S.
816 2089 963 2154 Victore
980 2089 1039 2170 (4),
1059 2089 1214 2152 Alexan-

112 2191 159 2256 dri
184 2195 223 2260 de
245 2197 358 2261 Hales
388 2197 613 2279 aliorumque
642 2197 850 2260 testimonia
879 2196 1213 2278 praetermittimus;

113 2305 233 2366 tautum
248 2305 414 2385 proferre
428 2305 534 2386 jubat
552 2304 667 2368 verba
680 2302 715 2367 S.
735 2303 906 2384 Thomas,
923 2303 1100 2384 Principis
1118 2301 1215 2365 theo-

112 2405 270 2488 logorum:
291 2407 503 2476 aeteruum
528 2412 720 2494 dicendam,
739 2411 828 2494 quaet
851 2417 1007 2494 potestas
1024 2409 1215 2474 saecularis

112 2516 253 2581 subditur
279 2519 471 2602 spirituali,
490 2520 579 2583 sicut
602 2539 727 2602 eorpus
757 2519 906 2582 animae:
924 2523 955 2582 et
982 2518 1058 2581 ideo
1083 2523 1217 2581 nonest

113 2627 493 2712 usurpatumjade'ciam',
507 2627 539 2690 si
551 2625 942 2710 spiritualisproelatas
959 2645 993 2690 se
1010 2623 1216 2689 intromittat
1270 2647 1272 2654 ¹
1298 2701 1301 2708 .

113 2727 146 2792 de
159 2733 396 2817 temporalibus
411 2733 471 2816 (bl.

188 2839 217 2918 b)
264 2839 333 2903 Pro
359 2839 515 2904 veritate
545 2838 726 2902 catholica
756 2837 1047 2901 constabiliendo
1076 2836 1216 2918 conspi-

114 2947 183 3007 raut
198 2927 407 3010 Pon‘tifleiee
422 2947 710 3010 constitutiones:
728 2945 936 3009 Bonifacius
951 2943 1216 3024 Vlll,oecasio·

114 3067 151 3112 ne
176 3054 414 3118 contentionis
442 3055 535 3118 inter
564 3055 681 3135 ipsum
711 3059 748 3116 et
772 3053 976 3134 Philippum
996 3049 1045 3116 IV
1075 3051 1218 3117 Galliae

114 3167 336 3239 cognomento
356 3162 554 3242 Pulchrum,
572 3161 667 3226 hanc
701 3161 976 3224 celeberrimam
1002 3157 1217 3222 declaratio·

114 3282 183 3330 nem
212 3269 342 3334 emisit:
363 3271 504 3353 Oportet
519 3269 741 3353 temporalem
769 3269 1009 3332 auctoritatem
1037 3267 1219 3350 spirituali

115 3376 221 3462 subjici
232 3377 431 3462 potestati...
448 3377 591 3443 Sabaeae
612 3378 765 3442 Romano
778 3376 936 3462 Pontifici
955 3397 1085 3441 omnem
1102 3375 1218 3438 hamu-

115 3493 401 3566 remoraturam,
420 3485 599 3572 definimus
629 3503 700 3550 esse
725 3483 921 3549 omninode
950 3482 1148 3547 necessitate
1166 3501 1218 3546 sa·

113 3587 257 3672 lutietli).

188 3699 268 3765 Pius
284 3717 374 3766 vero
402 3699 454 3764 IX
468 3701 594 3786 falsae,
609 3718 795 3784 perversas
823 3716 867 3762 ec
885 3699 1104 3764 detestandas
1132 3715 1218 3760 nun·

113 3861 256 3874 ...ψ-ψ

172 4006 206 4072 (l)
240 4003 333 4074 Epist.
346 4006 396 4059 IV.

171 4080 205 4142 (tl
239 4075 321 4131 Hom.
334 4077 388 4130 XV
400 4077 429 4128 in
443 4082 467 4127 a.
485 4073 543 4128 Cor.

174 4153 208 4214 a)
243 4149 304 4202 Lib.
319 4148 351 4201 de
363 4145 437 4200 Erat.
454 4143 599 4200 Hierarca.
614 4162 640 4211 p.
655 4149 679 4196 2.

173 4222 208 4285 (4)
244 4221 302 4274 Lib.
317 4225 342 4273 2.
355 4219 388 4274 de
399 4218 475 4272 Sacr.
492 4235 515 4284 p.
529 4223 554 4270 2.
568 4233 590 4269 c.
607 4223 630 4268 l.

173 4295 206 4356 (t)
240 4289 574 4358 anasaarteada.

175 4365 209 4428 lt)
244 4363 328 4417 Cons.
347 4360 580 4418 Unaaseuuctam.
