3030 4990
768 379 944 436 -118-

294 523 587 590 terminetionem
604 541 669 589 seu
697 523 952 590 limitationem
969 521 1007 588 in
1032 541 1096 588 suo
1115 523 1303 606 analogice
1331 541 1404 588 con-

297 635 406 716 ceptu
423 631 634 714 excludens,
653 650 724 715 age
737 633 814 714 jam
844 631 1044 696 auctoritas
1063 631 1296 714 amplissima,
1314 631 1405 712 cujus

297 739 479 822 objectum
512 740 745 826 quodcumqae
763 743 914 804 cunctas
941 757 1000 804 res
1033 739 1079 803 ad
1103 739 1312 822 religionem
1335 756 1404 821 spe·

297 849 439 912 etentes
457 846 518 912 vel
536 863 617 911 cum
629 847 807 930 religione
820 863 1007 912 connexas
1032 845 1217 912 indefinite
1234 847 1405 929 amplecti-

296 958 367 1037 tur,
386 953 531 1018 minime
548 953 716 1036 componi
733 955 853 1036 potest
871 971 951 1018 cum
970 957 1153 1036 potestate
1171 951 1405 1031 subordinate,

297 1059 517 1144 dependenti
534 1064 571 1125 et
588 1059 733 1143 placitis
752 1060 960 1142 Principum
977 1059 1147 1126 obnoxia.

386 1167 549 1232 Alterum
579 1167 822 1232 testimonium
847 1166 980 1248 dogma
1009 1167 1293 1233 Ecclesiasticae
1316 1164 1407 1230 Inde·

298 1273 516 1358 pendentiae
549 1273 657 1357 plene
689 1272 931 1338 corroborans
960 1273 1138 1356 repetitur
1170 1291 1217 1338 ex
1249 1273 1310 1337 illo
1337 1273 1407 1336 loco

232 1457 239 1470 ⁸
299 1381 528 1464 evangelico,
548 1382 585 1445 in
602 1399 672 1464 quo
691 1383 836 1446 constat
860 1381 1009 1444 collatio
1028 1381 1220 1464 potestatis
1237 1379 1408 1464 Apostolis

301 1507 322 1554 a
354 1487 588 1554 JcsuChristo
613 1489 713 1552 bisce
731 1489 988 1572 peremptoriis
1006 1489 1130 1554 verbis
1159 1489 1304 1554 tradita:
1322 1489 1410 1554 Data

300 1605 349 1664 est
366 1597 449 1662 miti
477 1597 587 1662 omnis
599 1604 754 1680 potestas
782 1597 927 1663 incaelo
946 1603 978 1662 et
1009 1597 1044 1662 in
1069 1603 1173 1662 terra.
1190 1596 1318 1662 Eunias
1340 1617 1410 1680 erpo

301 1704 414 1770 doceis
432 1725 549 1770 omnes
572 1711 696 1788 pentes,
714 1705 929 1788 baptizantes
956 1725 1011 1770 eos
1037 1705 1074 1770 in
1089 1705 1225 1770 nomina
1254 1705 1368 1770 Patris
1383 1713 1412 1767 et

300 1813 387 1878 Filii
404 1818 436 1876 et
453 1809 609 1896 Spiritus
626 1809 757 1892 Sancti,
775 1813 931 1878 docentes
955 1832 1165 1878 conservare
1189 1813 1304 1878 omnia
1320 1831 1411 1896 quac·

300 1940 442 2004 eumque
458 1919 624 1984 mandavi
641 1921 735 1984 cobis
753 1921 813 1999 (1).
833 1919 902 1984 Per
930 1918 1020 1984 haec
1038 1919 1153 1984 verba
1170 1917 1332 1984 Christus
1348 1917 1412 1981 Do·

300 2026 418 2091 minus
437 2043 578 2090 omnem
593 2043 696 2090 suam
715 2031 932 2109 potestatem
945 2025 1130 2109 Apostolis
1148 2027 1311 2106 eontulit;
1328 2023 1414 2090 unde

301 2134 340 2199 vi
363 2135 469 2216 hujus
486 2151 679 2216 supremae
697 2133 938 2216 delegationis
957 2134 1016 2198 vel
1035 2134 1241 2198 donationis
1258 2131 1416 2216 Apostoli

301 2245 519 2322 receperunt
537 2243 754 2322 potestatem
772 2242 929 2306 divinam
947 2241 1045 2320 (data
1062 2249 1110 2305 eet
1123 2241 1231 2320 milti),
1246 2239 1415 2305 immedia-

303 2356 373 2413 tam
392 2352 520 2426 (cantas
538 2351 644 2433 erpo),
660 2350 891 2414 omnimodam
905 2350 1042 2428 (omnia)
1062 2353 1171 2431 atque
1182 2348 1417 2432 plenissimam

302 2455 371 2520 hoe
384 2462 451 2536 est,
466 2455 503 2519 in
516 2473 582 2519 sua
600 2457 814 2521 extensione
828 2473 952 2520 omnes
970 2473 1029 2520 res
1046 2455 1315 2520 ecclesiasticas
1329 2471 1415 2518 oom-

303 2563 536 2646 plectentem,
563 2563 615 2626 uti
647 2563 785 2627 eruitur
818 2581 864 2627 ex
893 2563 1017 2628 verbis
1050 2564 1163 2628 docete
1192 2565 1417 2646 (potestatem

304 2669 484 2752 docendi),
502 2672 715 2755 baptizantes
733 2674 968 2753 (potestatem
987 2670 1200 2734 conficiendi
1229 2677 1337 2753 atque
1361 2669 1417 2733 mi-

303 2776 482 2842 nistrandi
496 2777 751 2862 sacramenta),
766 2799 905 2844 seruare
920 2799 1004 2862 qaae
1013 2780 1179 2864 praecepi
1193 2781 1416 2860 (potestatem

261 2903 270 2908 ·
303 2885 550 2966 legislativam
568 2889 603 2949 et
617 2885 822 2950 coactivam
836 2885 882 2949 ad
895 2886 1057 2968 regimen
1071 2891 1107 2949 et
1124 2885 1287 2968 politiam
1302 2883 1418 2949 Eccle·
1473 2877 1485 2903 '

305 2991 409 3068 sicet:
432 2993 509 3073 jam
533 3009 622 3056 vero
654 2993 746 3058 baec
774 2993 1075 3074 supernaturalis,
1102 2992 1253 3075 directa,
1282 2993 1416 3058 univer·

305 3100 393 3168 salis
412 3103 520 3182 atque
538 3117 709 3182 supreme
736 3105 912 3183 potestas,
939 3085 1222 3184 quemchristus
1241 3099 1419 3184 Apostolis

305 3207 509 3290 impertitus
527 3211 594 3288 est,
614 3225 681 3274 nec
699 3209 901 3291 concipitur
931 3226 999 3273 nec
1028 3209 1244 3274 conciliatur
1272 3225 1352 3273 cum
1369 3223 1419 3270 su-

306 3313 559 3381 bordinatione
573 3319 609 3378 et
624 3313 879 3398 dependentia
892 3315 1001 3397 igitur
1015 3316 1116 3398 origo
1131 3315 1265 3397 divina,
1279 3313 1419 3378 traditio

306 3421 516 3489 immediata
532 3427 567 3485 et
593 3422 797 3487 omnimoda
815 3423 979 3487 extensio
999 3422 1227 3487 auctoritatis
1243 3421 1420 3505 Apostolis

307 3530 596 3597 communicatae
614 3531 842 3611 apertissime
861 3529 1056 3594 ostendunt
1073 3535 1147 3594 turn
1166 3529 1420 3613 plenitudinem

307 3636 503 3704 Potestatis
520 3636 816 3716 Ecclesiasticus,
837 3641 911 3701 tum
936 3637 1138 3702 absolutam
1157 3639 1234 3718 ejtrs
1251 3636 1422 3718 Indepen·

309 3746 469 3813 dentiam
483 3745 602 3829 quoad
619 3747 763 3833 Dopma,
777 3743 1003 3811 Sacramenta
1020 3749 1056 3809 et
1069 3746 1316 3830 Disciplinam.

397 3853 453 3917 82.
502 3852 680 3917 Probatur
707 3853 760 3916 29
778 3869 823 3916 cx
855 3853 1067 3919 Traditione.
1097 3851 1220 3918 Sancti
1248 3853 1422 3918 Patreset

309 3959 551 4025 ecclesiastici
565 3961 762 4043 scriptores
777 3959 970 4024 veritatem
984 3958 1305 4042 fundamentalem,
1320 3974 1421 4042 quam

309 4075 462 4150 tuemur,
483 4069 641 4132 unanimi
671 4085 849 4132 consensu
883 4067 1026 4132 docent:
1057 4069 1264 4150 speciminis
1294 4066 1419 4150 gratia,

309 4217 466 4226 .-——--

379 4319 417 4381 (1)
454 4315 555 4370 Mottb.
570 4330 630 4383 cap.
644 4317 781 4385 XXVIII,
795 4333 839 4370 vv.
854 4319 894 4384 18,
910 4319 941 4368 19
955 4319 984 4368 et
997 4319 1039 4367 20.
