3146 4980
786 385 966 443 ..332-

312 527 503 610 Episcopis
515 533 680 610 recepta,
699 545 769 593 uno
789 531 930 592 tantum
947 529 1108 610 excluso,
1124 528 1319 594 Benedicta
1333 528 1444 595 Sola-

312 633 343 697 ri
356 633 536 715 Episcopo
553 633 584 696 N
588 632 662 697 auli
678 633 715 698 in
728 632 878 714 Liguria
905 632 1131 700 aCardinali
1149 633 1311 700 Gerdilio
1343 635 1444 700 scite

313 757 357 804 ae
369 749 517 803 strenue
530 739 730 803 confutato.

402 845 479 910 247.
528 846 749 930 Reprototio.
769 845 928 926 Postea,
947 847 1100 928 quaeda
1127 847 1353 912 Janscniana
1379 866 1441 912 se-

312 955 372 1016 cta
388 959 424 1016 et
440 951 631 1034 multiplici
648 952 726 1032 ejus
754 951 872 1016 forma
900 952 1033 1017 leviter
1049 953 1359 1034 adumbravimus,
1378 971 1440 1018 ec·

313 1059 538 1122 clesiasticas
555 1074 728 1122 censuras
746 1063 855 1140 atque
872 1059 1078 1141 pontificias
1096 1059 1348 1126 damnationes
1372 1061 1441 1124 ad·

313 1164 445 1230 ducere
461 1165 539 1229 fere
556 1171 678 1244 vacat3
698 1165 830 1228 etenim
848 1167 946 1246 apud
963 1182 1087 1230 omnes
1119 1173 1343 1248 compertum
1377 1174 1442 1233 est

311 1271 579 1336 dansenismum
596 1271 833 1356 Theolopicum
846 1272 1078 1353 profligatum
1095 1277 1132 1338 et
1144 1291 1294 1356 prorsus
1310 1291 1439 1356 repro·

312 1378 436 1442 batum
454 1393 535 1442 esse
553 1381 628 1441 tum
644 1393 711 1458 per
727 1376 869 1442 Bullam
885 1379 928 1442 Ia
945 1379 1108 1444 eminenti
1121 1379 1167 1443 ab
1185 1379 1332 1444 Urbano
1345 1379 1439 1444 vlu

313 1483 371 1548 die
388 1485 408 1548 6
425 1484 547 1549 Martii
565 1484 650 1549 1641
669 1484 846 1548 adversus
863 1482 1095 1568 depasti-nam
1113 1485 1132 1550 J
1136 1487 1278 1550 ansenii
1306 1486 1434 1568 latam,

312 1595 387 1656 tum
405 1609 471 1674 per
484 1590 672 1656 laudatam
689 1588 994 1656 constitutionem
1012 1591 1214 1676 Unigenitar
1227 1593 1296 1657 Dei
1306 1593 1435 1674 Filius,

312 1698 349 1762 in
378 1715 449 1780 que
478 1695 644 1763 Clemens
671 1697 723 1762 XI
742 1697 799 1762 die
818 1697 841 1760 8
857 1695 1079 1778 Septembris
1112 1696 1198 1763 1713
1226 1699 1441 1766 solemniter

312 1803 502 1868 damnavit
518 1801 564 1868 01
582 1803 851 1886 propositiones
868 1821 913 1869 ex
926 1803 1036 1869 Libro
1049 1803 1249 1886 Quesnellii
1266 1807 1438 1893 Refleaeio·

311 1931 371 1974 oea
386 1909 536 1974 morales
548 1909 724 1991 inscripto
743 1910 905 1974 eductas:
927 1912 1047 1993 quoad
1061 1929 1148 1976 vero
1165 1912 1439 1980 Jansenismum

314 2013 583 2096 anoaiaticum,
598 2015 690 2082 haec
704 2021 891 2098 postrema
915 2018 1159 2097 jansenianae
1186 2019 1349 2084 haeresis
1365 2021 1438 2084 for-

311 2139 371 2186 ma
383 2140 427 2186 eo
442 2122 706 2203 detestabilior,
726 2127 904 2204 quatenus
917 2123 938 2188 J
942 2123 996 2187 uri
1008 2123 1158 2190 Publice
1173 2125 1437 2192 Ecclesiastico

311 2225 513 2294 reluctatur
531 2233 567 2294 et
583 2231 770 2295 societatis
787 2229 1010 2294 christianae
1028 2233 1324 2297 constitutionem
1355 2233 1435 2298 sub·

312 2338 436 2416 vertit,
452 2342 582 2418 aperte
595 2337 734 2417 rejecta
750 2341 787 2400 et
800 2337 1112 2403 anathematizata
1128 2343 1184 2404 est
1205 2339 1332 2404 sivein
1344 2339 1434 2405 Gon·

312 2443 498 2505 stitutione
515 2442 568 2505 Pii
582 2443 632 2506 VI
651 2445 789 2508 centies
801 2452 1004 2511 memorata
1016 2445 1200 2514 Auctorem
1210 2450 1293 2535 fidei
1306 2453 1436 2512 contra

312 2564 456 2612 errores
473 2545 609 2630 Synodi
625 2549 856 2614 Pistoriensis
874 2551 932 2615 die
946 2551 990 2636 28
1004 2553 1158 2634 Augusti
1177 2553 1264 2619 1794
1287 2555 1435 2637 expedi-

312 2664 362 2736 ta,
382 2654 513 2718 sivein
532 2655 640 2720 Brevi
658 2657 771 2740 Super
787 2659 977 2740 soliditate,
996 2660 1121 2742 inquo
1140 2661 1236 2726 idem
1265 2660 1435 2726 Pontifex

311 2763 533 2827 assertiones
551 2763 709 2846 Eybcllii
742 2764 901 2832 Sanctae
929 2765 1012 2832 Sedi
1040 2767 1248 2850 injuriosas,
1283 2770 1436 2853 eJusque

311 2869 537 2952 perniciosas
554 2870 715 2936 theorias
734 2873 834 2936 circa
850 2873 1039 2938 Ecclesiae
1052 2878 1272 2957 potestatem
1303 2877 1436 2942 iterum

311 2976 605 3059 protrivit-atque
618 2996 789 3060 suprema
806 2996 872 3043 sua
885 2981 1104 3046 auctoritate
1117 2980 1389 3049 condemnavit.

689 3224 954 3292 ARTICULUS
980 3227 1043 3293 IV.

750 3417 992 3468 SUMMARIUM.

311 3560 371 3612 218.
386 3561 594 3614 Russurssrus:
621 3561 755 3614 formatio
780 3561 866 3629 hujus
879 3562 1154 3626 systemata-240.
1167 3564 1238 3633 Ejus
1263 3565 1432 3620 meantis.—

382 3635 441 3683 250.
456 3633 575 3685 Formae
587 3633 824 3685 diversae-251.
854 3631 995 3686 Solemnis
1008 3634 1264 3690 damnatic-sta.
1278 3637 1433 3694 trassam-

382 3717 467 3756 smus:
480 3703 626 3770 primaeva
638 3707 767 3769 germina
779 3705 867 3770 hujus
886 3705 1036 3758 novissimi
1047 3708 1321 3773 systematis-roa
1342 3710 1432 3776 Speci-

381 3774 515 3827 ficatio-
523 3777 582 3827 stt.
594 3773 768 3841 Praecipuae
776 3775 1130 3832 manifestationes-256.
1141 3778 1287 3832 Ecclesiae
1295 3780 1431 3848 judicium

381 3845 417 3899 de
430 3845 484 3899 hoc
498 3845 607 3899 exitiali
622 3861 723 3900 errore.

745 3987 1000 4054 Rnosnrsnus.

398 4161 475 4226 248.
523 4165 713 4232 Formatio.
762 4165 1001 4248 Regalismus‚
1020 4168 1052 4233 si
1069 4169 1249 4252 originem
1272 4169 1429 4236 materie·

310 4268 377 4334 lem
392 4265 496 4349 hujus
513 4273 722 4350 systematis
741 4278 959 4356 spectemus,
993 4274 1040 4338 ad
1072 4293 1244 4358 magnum
1272 4276 1430 4342 Schisma
