3034 4990
798 393 974 454 -308-

407 537 453 602 l.o
503 535 683 602 Probatur
699 539 845 604 ratione.
861 537 949 602 Tres
963 537 1183 621 praecipuae
1199 536 1351 602 rationes
1363 537 1416 600 ad·
1506 585 1507 606 2

317 643 400 709 duci
417 643 548 726 solent,
563 643 692 727 quibus
708 643 824 727 Reges
843 649 879 709 et
895 643 1029 710 Summi
1042 643 1275 726 Magistratus
1290 643 1416 727 religio·

316 767 399 816 nem
416 751 509 816 tueri
528 753 710 834 tenentur,
729 751 909 816 nimirum:
923 751 1118 834 peculiaris
1134 767 1257 814 eorum
1271 751 1417 832 conditio,

317 861 494 941 quatenus
506 863 590 922 suut
602 859 752 924 membra
767 857 965 940 Ecclesiam
975 859 1056 946 finis
1069 857 1237 940 proprius
1250 855 1418 922 societatis

317 962 450 1046 civilis,
469 963 529 1047 qui
546 963 583 1028 in
600 964 776 1030 felicitate
793 965 985 1048 temporali
1002 965 1072 1028 sita
1101 969 1169 1045 est,
1189 981 1269 1028 cum
1298 980 1420 1027 morum
1507 1003 1508 1008 κ

317 1071 498 1154 probitate
512 1073 548 1136 et
561 1071 746 1154 religionis
756 1071 862 1155 praxi
878 1071 1080 1136 arctissimo
1092 1071 1238 1135 vinculo
1250 1070 1418 1154 copulata;

317 1177 468 1260 ipsaque
488 1177 674 1242 felicitatis
691 1177 901 1261 temporalis
918 1185 1059 1259 notura,
1079 1193 1172 1262 quae
1187 1176 1340 1241 hominis
1353 1195 1420 1259 pro-

318 1283 398 1367 pria
411 1301 491 1348 esse
505 1283 625 1366 debet,
640 1283 794 1368 ideoque
812 1284 858 1349 nd
877 1285 987 1350 vitam
1005 1289 1192 1348 aeternam
1210 1283 1383 1348 ordinata.

406 1391 507 1456 Nunc
521 1409 623 1474 vero,
638 1392 823 1476 quaelibet
837 1410 883 1456 ex
898 1391 1087 1457 recensitis
1103 1391 1304 1456 rationibus
1317 1395 1422 1474 postu·

317 1497 381 1579 lat,
401 1503 439 1562 ut
456 1498 644 1581 Principes
661 1503 698 1562 et
715 1499 901 1564 nationum
920 1499 1167 1564 lloderatores
1196 1497 1234 1563 in
1263 1497 1424 1580 religione

319 1603 547 1670 defendenda
564 1603 751 1670 Ecclesiae
779 1605 955 1688 judicium
985 1623 1056 1670 non
1089 1611 1339 1688 praevortant,
1370 1601 1425 1668 sed

318 1713 598 1796 subsequantur.
614 1711 716 1794 Quod
735 1713 830 1777 enim
848 1713 981 1777 attinet
997 1712 1044 1776 ad
1061 1713 1228 1795 primam,
1245 1712 1363 1794 palam
1379 1715 1426 1774 est

319 1820 468 1884 membra
485 1819 677 1901 cujuslibet
700 1819 899 1900 societatis,
919 1799 1083 1902 adeoque
1102 1823 1138 1882 et
1156 1817 1342 1882 Ecclesiae
1354 1833 1425 1881 con·
1509 1871 1510 1902 ,

320 1925 415 1990 ferre
433 1925 577 2007 debere,
593 1943 686 2008 quae
700 1926 816 1990 eidem
833 1925 1044 1990 necessaria
1060 1929 1156 2006 sunt,
1187 1943 1260 1989 non
1286 1923 1426 1988 arbitrio

321 2033 480 2116 proprio,
497 2033 561 2098 sed
575 2033 666 2116 ejus,
686 2033 746 2116 qui
763 2031 937 2098 Societati
953 2037 1112 2116 praeest.
1135 2031 1239 2112 Quod
1260 2036 1375 2096 autem
1388 2029 1427 2092 ud

320 2139 473 2204 alteram
491 2139 660 2222 pertinet,
680 2157 780 2204 exeo
800 2139 878 2222 ipso
897 2139 992 2222 quod
1018 2139 1147 2221 religio
1166 2138 1427 2204 fundamentum

320 2245 367 2310 sit
384 2246 594 2328 temporalis
608 2247 807 2326 felicitatis,
828 2247 1020 2311 mrruifeste
1046 2245 1281 2328 consequitur
1310 2261 1427 2310 caven·
1510 2305 1511 2310 ,

320 2350 404 2416 dum
421 2369 500 2416 esse
517 2370 563 2416 ne
575 2353 654 2434 eJ'us
672 2353 758 2419 ordo
775 2353 932 2419 violetur
950 2371 994 2418 ao
1012 2353 1189 2434 turbetur;
1205 2352 1270 2417 sed
1287 2351 1353 2417 hoc
1383 2351 1426 2414 la·

321 2458 390 2522 cile
406 2457 522 2540 fieret,
541 2460 571 2522 si
588 2460 623 2524 in
638 2459 848 2524 defensione
866 2459 1054 2542 religionis
1072 2459 1259 2542 Principes
1278 2457 1428 2523 saecula-

321 2583 379 2631 res
392 2565 531 2648 judicla
548 2566 735 2632 Ecclesiae
753 2567 1026 2650 praevenirent,
1042 2583 1136 2648 quae
1149 2565 1295 2649 quidem
1313 2583 1358 2630 ex
1372 2561 1430 2628 Dei
1511 2615 1512 2654 3

322 2671 556 2756 dispositione
569 2673 673 2738 unice
687 2691 793 2738 nosse
810 2678 941 2756 potest,
957 2673 1044 2757 qnid
1061 2689 1149 2737 vere
1163 2671 1211 2736 ad
1230 2671 1430 2754 religionem

321 2783 474 2863 spectet,
491 2781 551 2844 vel
566 2797 650 2860 uon,
665 2779 822 2863 quidque
839 2779 886 2844 ad
903 2781 981 2860 ejus
996 2781 1130 2844 bonum
1144 2779 1324 2860 conferat,
1360 2778 1430 2841 eine

321 2889 463 2950 noceat.
479 2883 534 2950 Ad
551 2887 696 2951 tertiam
713 2885 868 2970 denique
899 2885 995 2969 quod
1024 2886 1184 2968 respicit,
1214 2891 1346 2950 natura
1363 2901 1431 2968 pro·

323 2991 402 3073 pria
414 2991 598 3056 felicitatis
617 2993 827 3074 temporalis
854 2994 1011 3057 maxime
1045 2991 1172 3075 exigit,
1207 2996 1246 3055 ut
1276 2991 1312 3056 in
1337 2991 1431 3055 rebus

323 3097 507 3179 religionis
525 3098 711 3180 Principes
729 3099 917 3163 Ecclesiae
934 3099 1153 3164 sententiam
1171 3100 1323 3182 ejusque
1350 3095 1430 3163 deoi-

323 3203 442 3266 siones
473 3210 753 3286 consequantur,
785 3206 870 3288 quin
900 3209 1039 3270 rectum
1068 3203 1233 3270 ordinem
1258 3210 1430 3270 transver-

323 3313 452 3388 tentes,
470 3309 655 3374 societatis
671 3311 869 3392 superioris
884 3311 1062 3392 judicium
1077 3327 1354 3393 praeoccupare
1382 3325 1431 3372 au·

323 3415 445 3497 deaut;
460 3415 593 3480 etenim
605 3433 683 3482 cum
703 3417 782 3482 linis
798 3419 984 3483 societatis
993 3419 1127 3499 civille,
1142 3419 1205 3502 qui
1218 3425 1275 3483 est
1287 3417 1432 3482 felicitas

324 3523 545 3606 temporalis,
567 3521 753 3588 ordinetur
766 3524 812 3588 ad
830 3525 937 3589 linem
952 3525 1154 3606 Ecclesiae,
1191 3525 1253 3609 qui
1284 3529 1338 3589 est
1367 3524 1434 3586 vita

325 3634 487 3709 aeterna,
503 3627 630 3693 merito
648 3630 830 3713 colligitur
848 3629 1048 3696 Ecclesiam
1065 3631 1212 3714 praeire
1243 3636 1279 3696 et
1296 3630 1434 3695 societa-

326 3739 397 3798 tem
413 3734 556 3798 civilem
572 3735 742 3817 subsequi
759 3736 892 3801 debere
910 3738 947 3802 in
964 3737 1008 3802 iis
1027 3755 1121 3820 quae
1136 3737 1182 3802 ad
1199 3738 1313 3802 vitam
1330 3740 1435 3800 aeter·

326 3838 600 3922 nomadesque
628 3839 674 3904 ad
691 3841 903 3924 religionem
918 3845 1139 3924 referuntur3
1167 3849 1207 3908 ut
1233 3844 1328 3908 enim
1354 3841 1436 3906 scite

326 3951 600 4026 argumentatur
617 3947 812 4030 Angelicus
830 3949 979 4015 Doctor:
999 3951 1142 4034 Semper
1170 3953 1344 4018 inuenitur
1375 3947 1435 4046 ille,

326 4055 372 4118 nd
389 4075 484 4137 quem
494 4057 643 4138 pertinet
661 4059 801 4123 ultimus
813 4061 904 4146 finis,
940 4061 1115 4145 imperare
1142 4061 1363 4144 operantibus
1390 4077 1434 4135 eu,

327 4179 412 4244 quoe
429 4159 476 4224 od
488 4162 589 4244 finem
614 4163 772 4229 ultimam
789 4165 1012 4232 ordinantur:
1044 4167 1135 4232 sient
1150 4169 1367 4253 gubernator,
1397 4161 1436 4228 uti

328 4286 423 4349 quern
435 4267 586 4350 pertinet
611 4269 888 4352 gubernationem.
916 4273 1112 4357 disponere,
1143 4274 1297 4358 imperat
1328 4275 1368 4352 ei,
1387 4269 1436 4353 qui
