3024 4994
781 363 963 425 -160-

304 510 550 576 definitionem
589 509 750 592 legitime
790 511 1023 575 assumuntur
1064 528 1086 574 a
1120 509 1197 574 solo
1235 508 1426 575 Pontifice.

391 617 427 696 cl)
475 614 601 697 Quoad
632 617 824 699 terminum,
843 615 911 682 boo
938 618 1006 698 est,
1026 615 1146 699 quoad
1173 615 1348 700 populum
1374 633 1429 682 re·
1506 599 1507 604 ἵ

301 725 470 811 gendum3
486 743 569 790 nam
586 729 660 788 tum
675 724 805 788 divisio
824 723 1055 788 territorialis
1072 723 1110 788 in
1124 722 1307 787 dioeceses
1324 723 1429 788 iacta
1507 785 1508 814 ,

302 841 357 899 est
366 832 448 915 jure
463 831 725 912 ecclesiastice,
741 831 914 914 vigetque
930 831 1118 894 voluntate
1136 830 1333 910 PontificiS,
1353 843 1429 894 tum

302 939 482 1006 canonica
507 936 678 1020 Episcopi
694 938 824 1002 electio
857 954 923 1019 pro
951 935 1118 1001 Ecclesia
1146 936 1430 1002 determinatae
1507 933 1508 966 ³

303 1045 476 1112 Pontiiioe
493 1044 543 1108 tlt.

392 1155 422 1230 e)
460 1148 587 1231 Quoad
600 1147 1430 1232 durationem,quandoquidemRomanusPon·

304 1260 393 1325 tifex
406 1253 1139 1340 possetsemperEpiscopumsuspendere
1151 1255 1429 1336 velremovere,
1508 1251 1509 1344 ξ

304 1365 355 1430 uti
374 1363 465 1428 alias
479 1360 646 1442 diximus,
667 1362 702 1424 in
721 1361 864 1426 casibus
879 1360 1073 1426 ordinariis
1092 1366 1241 1446 propter
1254 1363 1430 1442 delictam,

304 1477 340 1536 et
357 1471 392 1534 in
411 1468 554 1534 casibus
568 1468 870 1534 extraordinariis
888 1469 967 1533 sine
985 1467 1118 1534 delicto
1136 1473 1287 1553 propter
1304 1471 1430 1536 bocum

301 1578 486 1662 publicum,
515 1579 623 1660 prout
653 1575 813 1639 Historia
844 1573 1107 1641 Ecclesiastica
1134 1576 1204 1640 hac
1232 1577 1431 1641 recentiori

304 1688 430 1748 aetate
445 1687 610 1746 testatur.
1509 1753 1510 1778 χ

393 1789 445 1852 2.⁰
492 1789 527 1853 Si
545 1805 634 1854 vero
649 1788 779 1870 cuique
796 1789 911 1872 magis
927 1789 1109 1873 placuerit
1125 1790 1347 1855 sententiam
1360 1789 1432 1854 col·

305 1896 452 1961 lationis
482 1894 714 1994 immediatae
731 1913 753 1958 a
769 1887 931 1960 Romano
965 1895 1139 1960 Pontiflce
1156 1896 1344 1980 amplecti,
1362 1896 1431 1960 sal-

310 2023 357 2070 va
384 2003 493 2067 etiam
512 2001 677 2066 consistit
694 1999 861 2066 doctrina
879 2002 1060 2068 catholica
1084 2021 1195 2087 supra
1212 2008 1432 2086 potestatem

305 2110 493 2194 propriam
507 2115 543 2173 et
561 2109 782 2174 ordinariam
797 2109 1071 2192 Episcoporum,
1088 2111 1174 2193 quin
1192 2128 1238 2176 ex
1250 2110 1431 2176 detensio-

307 2235 352 2282 ne
382 2215 586 2300 hujusmodi
614 2217 794 2298 opinionis
824 2223 923 2281 recte
951 2216 1432 2301 sequaturjurisdiotionem
1510 2221 1511 2236 ¹

309 2324 555 2407 episcopalem
575 2341 655 2388 esse
673 2341 771 2388 merc
789 2322 1007 2406 delegatam,
1027 2325 1128 2390 velut
1144 2324 1267 2389 evenit
1284 2324 1323 2387 in
1338 2323 1370 2388 N
1374 2342 1431 2388 un·

308 2433 382 2514 tiis,
419 2431 576 2495 Vicariis
607 2429 839 2513 Apostolicis,
873 2437 958 2513 etc,
993 2430 1090 2513 quod
1121 2430 1257 2514 duplici
1289 2431 1432 2496 rationo

311 2538 490 2623 perfacile
518 2541 573 2601 est
597 2539 780 2601 evincere:
811 2537 861 2601 1.⁰
888 2539 972 2621 quia
998 2538 1134 2620 gradus
1162 2539 1432 2622 episcopalisa

311 2645 454 2712 Christo
479 2644 632 2709 Domino
663 2661 706 2706 ea
734 2651 853 2708 mente
882 2653 918 2710 et
945 2663 1055 2729 scopo
1083 2646 1267 2711 institutus
1295 2647 1377 2728 fuit,
1396 2650 1433 2708 ut

310 2750 481 2836 Episcopi
496 2756 617 2816 essent
630 2750 707 2813 veri
721 2750 874 2834 Judicer,
886 2752 1038 2834 legitimi
1048 2751 1236 2818 Ecclesiae
1250 2753 1432 2837 Principes

310 2867 347 2924 et
367 2859 541 2924 ordinarii
559 2859 761 2922 animarum
779 2859 954 2940 Pastorem
971 2858 1023 2923 2.⁰
1040 2861 1125 2944 quia
1143 2861 1327 2926 Romanus
1345 2861 1433 2924 Pon-

310 2969 413 3050 tifex,
429 2985 510 3031 cum
525 2967 596 3030 illis
607 2966 898 3048 jurisdictionem
911 2985 976 3050 per
989 2967 1276 3051 designationem
1290 2967 1434 3033 dioece-

309 3079 357 3141 sis
386 3076 446 3142 vel
473 3075 757 3156 assignationem
785 3073 1009 3139 subditorum
1039 3077 1218 3159 conferat,
1235 3077 1432 3160 participa-

310 3185 443 3248 tionem
462 3181 716 3247 sollicitudinis
734 3183 771 3245 in
788 3180 975 3246 Ecclesiae
993 3183 1169 3264 regimine
1186 3185 1274 3267 ipsis
1291 3185 1431 3266 tribuit,

310 3301 348 3356 ut
374 3291 591 3355 institutioni
620 3290 768 3354 divinae
797 3288 1029 3371 respondeat,
1056 3295 1094 3354 et
1121 3289 1323 3374 Episcopos
1352 3309 1431 3356 con·

310 3401 437 3465 stituet
453 3399 489 3461 in
502 3415 544 3462 eo
571 3398 687 3480 gradu
704 3416 748 3462 ac
765 3396 954 3479 dignitate,
975 3414 1069 3480 qnae
1087 3415 1133 3462 ex
1158 3395 1290 3464 Christi
1306 3400 1432 3465 volun·

311 3513 385 3572 tate
401 3523 545 3588 semper
562 3506 598 3570 in
614 3504 780 3570 Ecclesia
793 3504 965 3568 manebit.

401 3615 476 3678 153.
524 3613 593 3676 Pro
608 3612 778 3676 coronide
788 3611 991 3692 hujusmodi
1003 3611 1263 3695 disquisitionis
1278 3631 1431 3698 perpau-

310 3742 355 3789 oa
371 3721 610 3787 delibabimus
630 3719 673 3784 de
688 3719 769 3784 aliis
787 3718 925 3784 duabus
959 3719 1233 3801 quaestionibus
1263 3739 1336 3786 non
1362 3730 1432 3786 tam

311 3832 433 3915 magni
449 3829 633 3910 momenti,
653 3844 748 3910 quae
765 3829 864 3891 circa
882 3827 1058 3908 originem
1071 3826 1335 3908 jurisdictionis
1370 3829 1432 3896 coi-

309 3941 445 4025 lepialis
474 3937 740 4020 Episcoporum
769 3938 805 3999 et
824 3933 1077 3998 adsistentiam
1101 3934 1366 4019 Episcoporum
1395 3937 1432 4000 ti·

312 4047 480 4113 tcluriom
497 4043 749 4110 Oecumenicis
763 4041 933 4108 Consiliis
952 4050 1157 4110 versantur.

403 4151 597 4234 Quaeritur
625 4153 675 4216 1.0
696 4169 743 4216 an
759 4151 931 4234 Episcopi
944 4152 983 4216 vi
1001 4152 1286 4218 consecrationis
1305 4151 1433 4216 saltem

313 4267 509 4352 adquirant
521 4265 810 4348 jurisdictionem
827 4263 1068 4347 collegialem.
