3030 4990
516 434 692 492 -129-

139 574 273 660 Obiect.
292 577 348 642 2³²
364 577 544 643 Protectio
563 577 685 642 Status
700 595 789 660 erga
802 577 1004 644 Ecclesiam
1018 578 1168 644 catholi-

65 701 130 750 cum
152 686 187 749 ri
202 684 373 749 coactiva
401 685 577 767 adhibita,
608 683 645 748 id
663 688 731 766 est,
751 684 1005 768 delinquentes
1022 687 1060 750 in
1089 687 1171 751 reli·

62 793 186 874 gionem
199 793 311 857 etiam
324 791 520 875 puniendo,
536 791 720 857 hominum
736 793 875 856 animos
888 792 934 856 ab
949 791 1169 876 amplecten-

62 897 99 962 da
111 898 282 982 religione
313 903 351 964 et
381 898 569 964 Ecclesiae
599 899 805 964 obedientia
836 900 953 982 magis
983 902 1169 985 magisque

61 1007 206 1090 retrahit,
224 1007 452 1092 populosque
470 1026 492 1071 a
522 1007 592 1073 fide
623 1007 805 1073 catholica
823 1009 962 1072 alienos
976 1009 1076 1090 lacit,
1096 1013 1170 1072 tum

60 1114 131 1196 quia
143 1113 304 1180 homines
322 1115 405 1180 duci
433 1115 561 1180 volunt
578 1117 818 1198 persuasione
835 1120 873 1180 et
889 1133 961 1180 non
979 1115 1169 1180 coactione

58 1222 90 1286 in
104 1240 138 1286 re
153 1222 243 1288 adeo
260 1223 488 1288 nobilissima
506 1227 544 1288 ut
561 1227 616 1288 est
633 1223 776 1306 religio,
796 1227 870 1287 turn
890 1223 975 1306 quia
1003 1222 1169 1304 improba

58 1329 186 1395 videtur
199 1329 411 1414 dominatio,
431 1349 525 1415 quae
543 1334 684 1396 terrore
709 1331 842 1414 potius,
869 1348 977 1415 quam
1002 1330 1169 1395 doctrina

57 1438 166 1503 utitur.
180 1437 276 1522 Ergo
293 1437 440 1503 minime
455 1441 599 1521 oportet
611 1437 751 1504 Statum
764 1439 827 1504 vel
839 1437 1028 1520 Principes
1045 1437 1167 1519 positi-

57 1563 130 1610 ram
145 1564 246 1612 suam
261 1547 530 1630 protectionem
544 1545 712 1629 religioni
726 1546 943 1611 concedere.

132 1653 238 1738 Resp.
267 1654 451 1719 Protectio
481 1653 602 1719 Status
620 1655 730 1719 etiam
762 1653 930 1736 pervim
962 1653 1166 1718 coactivam

56 1761 193 1842 populos
210 1761 448 1845 hominesque
479 1761 617 1826 alienos
635 1762 724 1826 lacit
741 1781 762 1824 a
785 1761 976 1843 religione,
1012 1760 1108 1825 diat:
1137 1760 1168 1824 si

56 1868 161 1950 agitur
178 1869 222 1934 de
239 1869 481 1934 conversione
495 1867 706 1949 infidelium,
728 1869 789 1951 qui
807 1875 906 1933 certe
925 1866 1078 1950 cogendi
1095 1884 1168 1931 non

55 1981 137 2058 sunt,
156 1975 279 2042 valde
311 1977 355 2041 iis
380 1978 440 2060 qni
472 1977 510 2041 in
532 1975 676 2041 haeresi
704 1975 781 2040 nati
815 1981 851 2040 et
883 1975 1026 2040 educati
1051 1975 1166 2056 fuere,

56 2103 148 2166 roac.;
181 2085 211 2148 si
228 2101 317 2150 vero
335 2101 394 2150 res
418 2086 474 2149 est
486 2083 531 2148 do
548 2083 737 2149 sanctione
752 2089 814 2148 aut
827 2101 945 2166 poena
971 2081 1168 2164 infligenda

55 2191 101 2272 lis,
119 2192 176 2274 qui
192 2192 230 2256 in
245 2191 411 2257 Ecclesia
428 2192 610 2257 catholica
627 2192 704 2256 nati
721 2196 758 2257 et
775 2191 955 2273 instructi,
971 2191 1048 2272 eJus
1062 2208 1166 2272 prae·

56 2303 400 2380 ceptacontemnunt
418 2304 480 2363 aut
508 2299 554 2363 ab
571 2317 616 2364 ea
644 2298 846 2380 discedunt,
876 2318 969 2384 nepo.
998 2296 1167 2362 Dubitari

55 2408 166 2490 nequit
192 2407 358 2490 publicos
382 2407 569 2490 religionis
587 2407 792 2473 catholicae
821 2423 945 2472 osores
971 2406 1033 2471 vel
1049 2411 1166 2484 trans·

55 2531 239 2598 messores,
273 2515 309 2580 in
337 2515 454 2579 sinum
470 2514 659 2580 Ecclesiae
692 2519 882 2596 cooptatos
900 2517 1009 2596 atque
1026 2513 1165 2578 institu-

56 2627 111 2704 tos,
124 2624 221 2705 juste
235 2622 355 2706 puniri
373 2639 492 2705 posse,
511 2623 590 2687 sive
607 2623 693 2704 quia
710 2639 756 2685 ex
773 2621 967 2704 hypothesi
983 2621 1080 2685 mala
1097 2620 1166 2686 fide

55 2736 166 2812 agunt,
190 2729 270 2794 sive
297 2733 447 2813 propter
475 2729 741 2794 correctionem
768 2735 805 2792 et
833 2728 1163 2810 exemplaritatem,

55 2853 121 2901 cum
138 2837 262 2920 plures
278 2833 414 2902 timore'
425 2855 565 2920 poenae
598 2855 620 2901 a
637 2836 879 2919 delinquendo
896 2836 1163 2917 deterreantur,

55 2948 82 3004 et
106 2945 226 3026 plures
254 2943 503 3009 emendentur.
524 2942 627 3025 Quod
655 2943 765 3027 siqui
794 2961 839 3007 ex
865 2959 907 3007 eo
934 2943 1164 3007 occasionem

54 3056 185 3116 sumant
201 3051 317 3134 magis
333 3051 369 3116 in
386 3051 599 3134 religionem
618 3051 808 3135 peccandi,
826 3052 894 3116 hoc
912 3068 976 3133 per
993 3049 1164 3115 accidens

54 3155 205 3238 habetur,
225 3163 262 3224 et
284 3159 383 3224 salus
400 3158 549 3242 publica
573 3157 785 3242 posthaberi
801 3159 929 3242 nequit
959 3158 1003 3222 ob
1032 3175 1163 3240 pauco·

56 3266 319 3348 rummalitiam3
338 3267 484 3348 etenim,
500 3269 539 3329 ut
556 3267 724 3348 apposite
737 3265 861 3347 ajebat
876 3264 911 3330 S.
927 3263 1162 3348 Augustinus,

55 3373 219 3439 medicina
248 3373 389 3439 aboleri
405 3391 477 3438 non
496 3372 615 3456 debet,
647 3373 733 3456 quia
764 3373 948 3438 nonnullis
980 3377 1099 3437 nocet:
1118 3371 1164 3437 At

55 3481 130 3544 raim
147 3482 352 3566 quibusdum
369 3481 438 3546 iata
454 3502 522 3546 oon
533 3487 693 3566 prosunt.
709 3482 888 3566 Numquid
904 3481 980 3546 ideo
995 3482 1162 3567 negligen-

55 3587 92 3652 do
106 3599 152 3657 cat
168 3591 351 3674 medicina,
365 3590 447 3674 quia
462 3589 707 3655 nonnullorum
720 3590 929 3654 insanabilia
941 3589 1161 3673 estpestt'lerr·

55 3695 113 3760 lic?
128 3697 177 3763 Tu
201 3719 270 3763 uon
288 3698 439 3763 attendis
456 3698 525 3761 uisi
544 3697 591 3761 acl
607 3717 673 3778 coa,
692 3699 751 3780 qar'
768 3699 818 3761 r'to
846 3697 927 3762 duri
944 3703 1033 3777 sunt,
1050 3703 1089 3761 ct
1105 3716 1164 3760 aec

56 3802 143 3870 irtam
160 3805 333 3890 recipiant
350 3805 607 3889 disciplinam...
625 3803 693 3869 Sed
710 3805 809 3869 debas
823 3805 926 3869 etiam
953 3811 1023 3869 tam
1040 3804 1164 3869 multos

56 3914 224 3996 attendere,
239 3914 279 3978 de
297 3933 441 3997 quorum
458 3912 569 3978 aelate
581 3912 771 3998 gaudemus
789 3913 849 3992 (1).

131 4017 256 4100 Quoad
269 4020 423 4102 primam
436 4019 703 4102 probationem:
722 4020 807 4102 qnia
824 4019 987 4084 homines
1004 4018 1086 4083 duci
1100 4036 1161 4083 vo-

57 4121 122 4189 lunt
137 4129 372 4210 persuasione
384 4129 422 4192 et
439 4145 511 4191 uon
529 4127 718 4192 coactione
737 4129 774 4192 in
790 4146 831 4192 re
859 4128 1043 4209 religiosa,
1064 4129 1160 4192 dist:

59 4270 199 4286 κ-ῂ-

116 4367 151 4433 (l)
176 4365 276 4437 'Epist
291 4371 333 4430 93,
346 4366 418 4421 oliae
431 4370 464 4420 48
474 4367 511 4422 ad
526 4367 708 4422 Venantium.
1077 4446 1111 4499 10
