3034 4990
802 393 983 452 -352-

329 556 372 604 su
385 538 524 621 populi,
542 537 716 620 legesque
728 538 803 602 tam
816 535 1046 618 dogmaticae
1062 553 1170 619 quam
1197 535 1451 619 disciplinatas

330 645 377 708 ab
390 643 646 725 acceptatione
661 646 787 708 coetus
798 641 956 707 fidelium
969 639 1182 726 penderent:
1197 642 1331 708 deinde
1346 643 1451 708 etiam

329 751 449 816 teneri
480 751 626 833 plebem
658 749 895 814 christianam
938 749 1181 832 interrogare,
1217 753 1257 814 ut
1291 751 1451 832 regulam

330 856 464 939 agendi
481 857 527 922 ab
541 855 669 920 eadem
687 855 879 938 recipiant;
897 853 988 920 haec
1017 854 1223 937 exploratio
1251 857 1380 922 mentis
1409 877 1451 924 ac

330 962 531 1028 voluntatis
549 961 817 1026 communitatis
833 958 1055 1026 christianae
1069 961 1148 1026 fleri
1161 966 1287 1044 posset
1302 963 1361 1028 vel
1385 981 1450 1047 per

330 1070 499 1135 directam
516 1069 802 1163 consultationem
817 1067 991 1151 populum
1012 1067 1264 1150 convocando,
1301 1069 1360 1134 vel
1388 1087 1449 1152 per

330 1176 539 1244 indirectam
551 1175 854 1258 interroaatianem
869 1193 954 1240 suos
977 1177 1276 1256 representantes
1309 1175 1448 1240 audien·

331 1283 390 1360 do,
408 1283 469 1348 vel
487 1300 551 1364 per
567 1283 766 1348 electionem
782 1282 1004 1365 temporalem
1019 1280 1222 1362 Pastorum,
1252 1287 1293 1346 ut
1309 1283 1363 1348 sic
1388 1299 1449 1365 per

331 1388 494 1454 mandati
511 1389 786 1453 renovationem
801 1393 838 1451 et
854 1387 1045 1452 Antistites
1061 1393 1234 1453 accurate
1251 1389 1376 1472 populi
1392 1408 1446 1454 vo·

331 1495 378 1560 tis
390 1494 666 1577 responderent,
682 1499 718 1558 et
736 1493 890 1576 populus
908 1493 1051 1558 modum
1065 1493 1272 1560 ordinatum
1304 1495 1447 1560 haberet

331 1618 394 1666 eos
408 1601 596 1682 judicandi
615 1604 652 1665 et
669 1599 861 1683 dirigendi,
880 1600 987 1666 salva
1003 1617 1147 1684 semper
1159 1604 1345 1684 potestate
1357 1601 1447 1684 ipsos

332 1727 475 1792 quoque
493 1707 699 1790 deponendi
716 1725 763 1772 ex
780 1707 885 1790 gravi
903 1724 1014 1772 cauea
1028 1714 1114 1772 ante
1128 1711 1271 1791 tempus
1285 1708 1445 1773 constitu·

332 1821 419 1895 tum,
439 1816 500 1880 vel
517 1815 661 1879 demum
679 1832 744 1897 per
765 1813 1013 1882 Consistoriam
1042 1831 1107 1878 seu
1136 1814 1319 1897 quoddam
1347 1813 1445 1878 colle-

331 1921 429 2004 gium
447 1920 636 2002 laicorum,
653 1923 714 2005 qui
730 1921 871 1985 Pastori
889 1920 1107 1986 adsisterent
1123 1924 1159 1986 et
1177 1939 1200 1984 s
1216 1921 1344 2004 quibus
1373 1921 1446 2002 ipse

331 2045 496 2094 normam
514 2029 713 2111 acciperet:
732 2027 937 2110 hujusmodi
954 2025 1151 2093 Consilium
1177 2029 1309 2094 laicam
1333 2017 1446 2110 posset

332 2153 413 2202 esse
420 2137 638 2220 parochiale,
654 2137 907 2216 dioecesanam,
921 2135 1096 2201 nationale
1113 2138 1150 2199 et
1174 2133 1442 2213 internatianaie;

332 2243 417 2308 inde
433 2243 470 2307 in
489 2242 656 2307 Ecclesia
673 2241 906 2306 induceretur
923 2241 1104 2323 quaedam
1127 2240 1271 2323 species
1297 2241 1443 2306 constitn-

333 2349 524 2414 tionatismi
541 2347 601 2412 vel
619 2348 828 2429 systematis
841 2348 1129 2432 repraesentativa·
1146 2345 1244 2428 apud
1257 2345 1377 2411 Status
1389 2362 1442 2427 po·

332 2455 453 2519 liticos
472 2453 577 2518 hodie
594 2455 754 2536 vigentis
772 2453 992 2536 (Richeriani
1011 2457 1048 2518 et
1074 2452 1321 2536 FebronisniJ.

422 2559 476 2623 3.⁰
522 2560 606 2624 Alia
623 2561 742 2624 forma
760 2561 893 2625 erroris
925 2559 1163 2624 democratici
1192 2560 1313 2642 posita
1337 2561 1388 2624 est
1411 2557 1443 2620 in

333 2666 544 2745 asserendo,
564 2669 784 2750 potestatem
797 2666 1114 2749 supernaturalem
1130 2683 1153 2730 a
1167 2663 1312 2731 Christo
1336 2663 1441 2729 Domi·

332 2791 379 2838 no
399 2773 601 2839 institutam
616 2774 755 2858 absque
769 2773 844 2838 ulla
858 2773 1082 2837 dubitatione
1094 2772 1304 2838 immediate
1317 2771 1442 2836 conier-

332 2881 365 2944 ri
396 2879 617 2962 Pectoribus,
646 2887 683 2946 et
716 2881 762 2945 sb
778 2879 907 2944 iisdem
938 2879 1083 2944 nomine
1110 2879 1260 2963 proprio
1291 2875 1441 2944 exerceri

334 3003 398 3050 seu
417 3004 463 3050 ex
474 2988 667 3052 voluntate
684 2987 810 3052 Divini
822 2986 1051 3068 Fundatoris,
1070 2987 1216 3051 minime
1234 2990 1355 3051 autem
1371 2985 1442 3066 jure

335 3109 356 3154 a
377 3093 512 3173 populo
523 3113 591 3177 pec·
610 3095 907 3160 transmissionem
923 3093 1201 3174 communicato,
1221 3093 1273 3157 uti
1287 3091 1442 3157 effutiunt

334 3199 482 3280 patroni
499 3200 652 3264 secundi
669 3201 817 3282 erroris;
836 3201 901 3265 sed
932 3200 978 3264 ad
1001 3201 1163 3284 legitime
1196 3198 1441 3285 acquirendam

334 3308 371 3369 et
390 3305 512 3390 valide
530 3307 776 3372 exercendam
809 3305 1097 3372 ecclesiasticam
1115 3308 1367 3372 auctoritatem
1395 3320 1440 3367 re·

335 3411 430 3494 quiri
444 3432 647 3479 concursum
661 3413 856 3494 jnridicum
874 3413 998 3496 populi
1014 3413 1051 3478 in
1064 3413 1242 3494 regimine
1254 3410 1441 3489 Ecclesiae,

334 3521 409 3582 tum
440 3521 691 3585 antecedentem
708 3525 745 3584 et
773 3520 970 3584 mediatum
997 3537 1063 3602 per
1091 3519 1307 3584 electionem
1334 3519 1441 3586 Pasto-

335 3641 414 3688 rum
431 3625 645 3707 praestitum
671 3627 809 3709 (plures
841 3626 1213 3708 catholici-liberales,
1247 3625 1309 3710 qui
1342 3622 1442 3706 magis

334 3727 514 3793 moderati
532 3730 710 3814 audiunt),
729 3736 805 3796 tum
830 3738 1084 3816 consequentem
1102 3731 1285 3808 mediante
1301 3737 1441 3817 accepta·

337 3835 579 3918 decalogum,
599 3853 706 3918 quae,
726 3837 806 3903 sive
822 3855 943 3903 novae
958 3838 1038 3903 sive
1055 3838 1230 3922 antiquae
1256 3842 1389 3920 essent,
1405 3834 1441 3900 ab

337 3955 380 4002 eo
399 3941 623 4022 reprobatae
636 3943 801 4026 vigorem
833 3944 1055 4026 amitterent,
1084 3945 1176 4010 adeo
1206 3949 1258 4029 ut,
1290 3941 1441 4029 quamvis

338 4046 493 4126 populus
511 4048 734 4115 christianus
763 4067 836 4114 non
867 4051 1115 4134 polleretjure
1128 4051 1247 4136 legem
1263 4049 1397 4118 ferendi
1412 4049 1442 4110 et

338 4149 550 4219 Pastoribus
571 4156 857 4240 praescribendi,
868 4159 1012 4224 valeret
1023 4163 1148 4226 tamen
1159 4175 1284 4226 eorum
1296 4159 1439 4242 potesta·

338 4259 412 4322 tem
430 4258 656 4342 restringere
671 4261 809 4345 (plures
825 4261 1020 4347 Gallicani,
1039 4265 1101 4348 qui
1116 4281 1183 4348 pro
1201 4259 1441 4330 consensullc·
