3034 4990
522 400 698 464 -315-

75 541 260 627 appellatur
277 547 434 614 conditio
448 548 606 630 Juridica
622 549 659 614 in
676 567 747 632 qua
766 552 921 633 utraque
953 547 1110 614 societas
1129 544 1174 614 si·

12 666 17 752 t
75 653 131 716 nul
155 669 234 718 esse
249 657 286 718 et
301 654 428 736 vigere
445 659 566 737 potest
583 673 629 721 ex
645 672 768 720 rerum
795 659 939 738 natura,
958 658 1044 739 quin
1060 657 1171 738 impe-

75 756 171 823 diatur
188 765 252 824 aut
268 760 501 826 imminuatur
531 763 738 827 consecutio
756 761 837 826 finis
865 762 1051 845 utriusque
1071 761 1174 826 adso·

12 883 14 954 l
74 863 231 948 bladonis,
250 871 366 930 status
384 868 531 955 conflicti
545 867 677 934 dicitur
693 868 758 932 illa
776 868 934 932 conditio
956 867 1117 950 juridica
1136 867 1174 931 in

12 983 13 992 ²
74 987 129 1052 qua
144 971 264 1036 altera
291 973 448 1038 societas
476 974 584 1038 alteri
600 975 651 1038 ita
666 973 897 1056 adversatur,
916 977 955 1038 ut
971 991 1051 1038 esse
1069 973 1176 1038 simul

12 1087 14 1126 l
73 1087 248 1164 nequeant,
267 1080 422 1163 ideoque
438 1081 520 1145 finis
538 1081 643 1146 unius
662 1081 817 1146 obtineri
852 1099 924 1146 non
957 1084 1079 1164 potest
1096 1081 1176 1146 abs·

12 1197 14 1274 ξ
73 1203 128 1266 que
138 1186 350 1252 detrimento
367 1187 448 1252 finis
465 1187 627 1252 alterius:
647 1189 767 1270 agitur
793 1188 945 1271 proinde
975 1187 1019 1253 de
1055 1187 1176 1253 conili-

74 1297 118 1354 cto
134 1293 312 1374 objectivo
330 1311 377 1358 ex
404 1293 485 1376 ipsa
502 1311 623 1359 rerum
640 1300 772 1359 natura
789 1294 1003 1377 profluente,
1023 1311 1096 1358 non
1114 1311 1176 1358 au-

12 1409 14 1452 i
74 1403 131 1464 tem
145 1399 188 1463 de
211 1401 380 1465 conflictu
412 1400 629 1484 subjective,
649 1402 709 1484 qui
727 1400 923 1484 aliquando
956 1402 1041 1465 oriri
1076 1400 1177 1466 valet

73 1521 108 1568 ox
121 1507 254 1571 malitia
270 1511 333 1571 aut
349 1524 474 1572 errore
491 1509 701 1572 alterutrius
718 1509 846 1590 partis.

12 1609 14 1624 ³
144 1613 205 1678 His
220 1613 460 1697 praenotatis,
475 1615 666 1696 sequentia
680 1616 872 1679 statuimus
889 1613 1082 1698 principia,
1100 1613 1176 1696 qui-

72 1717 135 1802 bus,
150 1721 255 1801 Juxta
278 1737 504 1786 communem
516 1721 729 1802 juristarum
747 1722 977 1804 sententiam,
1011 1721 1176 1804 regulan-

72 1831 118 1888 tur
132 1828 326 1892 relationes
355 1827 536 1909 juridicae
567 1829 785 1893 societatum
818 1827 1076 1911 perfectarum,
1107 1844 1174 1910 pro

12 1965 14 1974 s
73 1933 295 2016 adimplendis
308 1933 433 2017 oficiis,
449 1937 523 1999 tum
538 1937 719 2020 papaticis,
735 1938 810 2000 tum
818 1935 995 2020 positivis,
1012 1935 1112 2017 ipsas
1126 1935 1178 2001 iu·

73 2041 174 2106 vicem
186 2041 410 2124 cogentibus.

12 2135 14 2162 ³
149 2150 203 2212 1.Ιιι
252 2147 310 2213 Eoo
340 2149 473 2214 duabus
486 2147 540 2212 vel
556 2148 720 2234 pluribus
736 2148 956 2215 societatibus
976 2148 1177 2234 formaliter

12 2311 13 2326 ς
72 2260 189 2319 tautum
206 2255 391 2338 distinctis,
422 2277 508 2339 puae
525 2256 561 2320 iu
579 2261 672 2322 statu
701 2257 903 2322 concordiae
931 2263 1025 2339 aaut,
1055 2263 1179 2322 neutra

72 2360 468 2447 debataliamimpedire:
497 2365 644 2446 etenim,
678 2363 865 2446 supposito
895 2367 994 2428 statu
1028 2379 1177 2427 concor-

72 2466 153 2550 diae,
171 2477 206 2534 et
218 2469 300 2534 finis
317 2471 503 2553 utriusque
521 2470 708 2535 societatis
727 2472 882 2536 obtineri
898 2474 1031 2554 potest,
1046 2476 1083 2534 ot
1101 2470 1178 2553 plu.

71 2592 120 2640 res
136 2579 372 2661 obligationes
390 2579 507 2643 eidem
524 2580 689 2662 subjecto
715 2579 951 2644 inhaerentes
969 2579 1178 2644 conciliabi-

71 2681 116 2748 les
141 2699 231 2769 sunt,
256 2687 409 2770 ideoque
425 2687 631 2753 servandae
655 2692 772 2770 erunt3
791 2687 885 2752 unde
899 2692 1052 2752 neutrae
1065 2685 1177 2751 socie·

71 2792 129 2856 tati
143 2794 226 2859 licet
238 2795 349 2860 aliam
363 2794 554 2878 impedire.

147 2902 201 2966 23¹¹
251 2903 310 2968 Εω
325 2905 459 2969 duabus
471 2903 865 2990 societatibuopersectt'o
878 2903 1001 2968 iisdem
1016 2903 1176 2968 membris

71 3009 331 3094 coalescentibus,
346 3032 432 3095 puae
445 3013 483 3076 iu
495 3012 688 3098 conflictum
700 3012 909 3094 devenerint,
942 3032 982 3076 eo
995 3011 1178 3096 praevale·

70 3117 300 3204 redibatquae
318 3121 456 3185 attioris
487 3120 621 3184 ordinis
642 3121 745 3206 finem
773 3119 873 3184 babet
904 3119 990 3202 quia
1024 3123 1179 3201 utraque

71 3225 213 3291 societas
231 3234 375 3308 oportet
392 3245 517 3291 curam
544 3227 679 3290 habeat
696 3245 768 3290 nou
785 3227 901 3292 solum
934 3228 989 3290 sui
1023 3227 1179 3309 subjecti

72 3337 167 3413 atque
183 3335 341 3417 plurium
358 3336 619 3417 obligationum
640 3335 757 3400 eidem
789 3335 952 3415 subjecto
986 3335 1177 3398 inhaeren-

73 3440 158 3524 tium,
178 3445 429 3509 verumetiam
442 3451 596 3509 naturae
610 3450 646 3509 et
658 3446 909 3527 praestantiae
926 3444 1101 3525 ipsarum,
1117 3442 1178 3506 ob·

72 3552 282 3616 servantiam
305 3553 450 3618 illarum
469 3553 732 3635 obligationum
760 3551 1020 3634 praeponendo
1053 3555 1090 3614 et
1122 3566 1179 3612 ur·

72 3659 189 3742 gendo,
205 3677 298 3743 quae
316 3662 475 3744 potiores
493 3667 529 3726 et
546 3662 824 3726 excellentiores
844 3667 940 3742 sunt3
959 3658 1023 3724 sed
1041 3657 1178 3740 obliga·

72 3764 117 3828 tio
146 3786 234 3851 quae
267 3771 406 3837 altioris
440 3773 576 3838 ordinis
604 3775 710 3838 finem
740 3774 863 3856 habet,
893 3780 992 3837 certe
1022 3769 1180 3835 nobilior

72 3877 106 3934 et
119 3877 230 3956 potior
246 3886 427 3963 censetur,
447 3899 489 3946 eo
507 3882 602 3964 quod
628 3883 743 3964 majus
761 3884 894 3947 bonum
912 3884 1045 3960 tuetur;
1065 3877 1175 3960 igitur

73 3987 302 4062 praeferenda
319 3993 374 4054 est
390 3990 603 4072 obligationi
621 4009 714 4074 quae
730 3992 838 4056 finem
865 3989 1047 4054 inferioris
1083 3987 1179 4052 ordi-

74 4093 122 4158 nis
137 4099 372 4182 persequitur,
390 4104 426 4164 et
442 4101 609 4183 societas,
627 4100 685 4165 oui
718 4101 796 4183 ejus
825 4097 1011 4165 exsecutio
1033 4096 1180 4163 deman·

75 4202 150 4270 data
166 4214 229 4291 est,
243 4209 462 4292 praevalere
476 4208 595 4272 debet.

154 4313 248 4384 Haec
280 4317 350 4382 duo
382 4317 563 4400 principia
593 4322 694 4385 nobis
729 4319 901 4384 exhibent
934 4313 1055 4384 officia
1080 4337 1179 4402 aepa-
