3030 4990
793 347 971 404 -112-

320 491 406 571 pote
423 489 571 554 veritati
584 507 745 554 consona
762 489 822 556 vel
847 491 978 556 saltem
1006 491 1242 576 probabilior,
1275 495 1432 556 caeteras

320 613 409 660 vero
423 595 538 661 solido
554 596 790 661 fundamento
804 596 998 662 destitutas
1015 597 1226 679 rejiciendo.
1253 599 1323 664 Sed
1339 603 1432 664 ante·

321 721 428 787 quam
443 704 605 784 singulas
620 705 807 786 opiniones
821 705 857 769 in
874 721 1029 770 examen
1053 723 1238 788 vocemus,
1271 715 1431 789 opportu-

320 829 404 875 num
423 809 585 874 ducimus
598 819 814 894 conceptum
827 812 1003 878 directum
1016 812 1204 894 religionis
1222 831 1244 876 a
1261 818 1430 895 conceptu

320 917 499 982 indirecto
528 919 751 1001 distinguere
780 920 939 984 instato
968 938 1090 984 merae
1115 926 1283 1000 naturae3
1311 920 1430 1002 religio

321 1026 415 1090 enim
434 1025 570 1108 duplici
586 1027 651 1090 sub
670 1035 820 1110 aspectu
844 1029 1005 1110 spectari
1034 1031 1166 1111 potest,
1186 1027 1368 1108 videlieet,
1387 1029 1431 1092 rii-

320 1141 421 1214 recte,
442 1139 619 1216 quatenus
637 1141 691 1199 est
709 1134 863 1199 medium
888 1153 953 1217 pro
972 1135 1148 1200 felicitate
1172 1137 1322 1200 alterius
1341 1136 1431 1200 vitae

321 1240 589 1324 consequenda,
606 1240 675 1306 hoo
703 1251 769 1324 est,
791 1248 897 1324 prout
926 1243 1053 1326 religio
1071 1246 1137 1324 est;
1158 1245 1336 1326 indirecte,
1355 1261 1430 1326 qua·

321 1362 424 1414 tenus
442 1354 497 1414 est
513 1349 786 1414 fundamentum
800 1351 1017 1416 moralitatis
1035 1355 1072 1416 et
1084 1352 1285 1416 societatis.

392 1459 551 1528 ‚Directe
568 1457 801 1524 considerata
818 1458 946 1541 reilgio
976 1458 1201 1541 reipublicae
1234 1476 1299 1532 seu
1326 1463 1431 1522 status

321 1583 392 1630 non
409 1565 572 1644 interest,
590 1583 662 1630 uon
681 1569 736 1630 est
753 1566 936 1648 negotium
952 1565 1101 1648 sociale,
1121 1566 1184 1630 sed
1206 1565 1361 1646 juridice
1388 1565 1431 1629 lo-

321 1672 476 1755 quendo,
495 1671 736 1736 existimanda
754 1678 810 1737 ost
826 1690 885 1736 res
903 1690 1052 1756 prorsus
1076 1671 1323 1754 individualis3
1355 1673 1429 1736 alio·

321 1782 407 1863 quin
425 1781 591 1844 efficacia
608 1783 718 1864 atque
732 1782 911 1844 connexio
940 1781 1126 1863 religionis
1157 1799 1236 1846 oum
1269 1785 1430 1846 aeternae

321 1888 449 1952 salutis
477 1888 736 1970 assequutioue
770 1888 817 1952 ab
845 1887 1049 1953 bominibus
1077 1889 1197 1971 repeti
1224 1889 1359 1971 nequit,
1375 1887 1430 1952 sed

321 2000 461 2060 tantum
488 1995 587 2060 Deus
621 1996 762 2060 actibus
795 1995 977 2078 religiosis
1005 1996 1186 2078 impertiri
1217 2000 1337 2078 potest
1366 1996 1430 2059 rim

321 2103 541 2186 procurandi
560 2104 675 2167 vitam
693 2103 866 2184 futuram,
887 2103 980 2167 unde
998 2103 1063 2168 sub
1076 2102 1146 2167 hoc
1163 2107 1333 2183 respectu
1349 2099 1430 2164 ordi·

322 2212 420 2275 natio
433 2211 621 2292 religionis
641 2209 687 2274 ud
702 2210 888 2293 principos
905 2211 1004 2275 nullo
1023 2210 1127 2274 modo
1142 2213 1297 2292 spectat.

410 2319 584 2383 [edicente
600 2319 759 2399 impeeta
774 2318 965 2400 religione,
1001 2319 1131 2382 iterum
1163 2317 1291 2400 quaeri
1323 2318 1430 2400 potest

323 2442 369 2486 au
386 2426 433 2487 sit
450 2425 630 2506 objectum
649 2425 837 2508 proprium
855 2429 964 2508 atque
978 2423 1154 2490 directum
1173 2425 1283 2489 oflicii
1297 2422 1429 2488 summis

322 2531 584 2613 imperantibus
599 2533 854 2614 incumbentis,
875 2519 935 2597 vel
952 2551 998 2596 au
1023 2536 1163 2596 tantum
1180 2532 1228 2595 sit
1261 2529 1429 2613 negotium

322 2639 589 2721 secundarium,
617 2639 833 2720 contingens
868 2657 912 2703 ae
941 2639 1191 2704 devolutivum
1226 2638 1428 2720 principum

322 2763 405 2809 nam
424 2747 538 2828 primo
557 2747 594 2810 in
613 2763 699 2810 casu
720 2746 927 2811 Moderator
961 2747 1148 2812 societatis
1177 2745 1297 2810 civilis
1324 2761 1429 2828 quern·

323 2871 474 2938 cumque
493 2853 604 2918 alium
622 2852 793 2918 excludet
811 2854 847 2918 in
865 2854 973 2918 rebus
986 2853 1167 2936 religiosis
1182 2852 1385 2919 ordinandis
1401 2854 1430 2912 et

322 2958 536 3040 statuendis;
553 2959 588 3023 in
603 2959 762 3024 secundo
777 2963 897 3022 autem
913 2959 1048 3023 cultum
1062 2958 1227 3023 instituet
1241 2976 1284 3022 ac
1297 2957 1427 3038 diriget,

322 3070 460 3130 tantum
480 3066 622 3131 nemine
640 3071 873 3150 procurante,
893 3066 929 3131 id
947 3084 998 3149 es,
1018 3065 1243 3130 devolutive.

411 3173 464 3236 57.
515 3173 593 3237 Hac
613 3173 847 3238 distinctione
875 3172 1105 3256 praehabita,
1140 3171 1344 3237 summatim
1369 3175 1428 3234 tra·

323 3279 447 3344 demus
465 3279 607 3363 quidde
625 3279 801 3361 ejusmodi
820 3280 986 3346 theorica
1002 3281 1256 3344 controversia
1266 3279 1430 3344 senserint

323 3389 541 3450 tractatores
555 3387 647 3467 juris
663 3387 812 3469 publici,
828 3389 935 3452 salva
952 3404 1097 3470 semper
1112 3385 1278 3452 doctrina
1296 3383 1429 3452 catholi-

323 3511 378 3574 ea,
394 3493 590 3576 agnitoque
607 3493 795 3559 Ecclesiae
809 3495 904 3576 jure,
921 3494 1006 3578 quia
1020 3511 1163 3559 rursum
1181 3494 1373 3560 notandum
1385 3493 1430 3555 est

318 3601 470 3680 juristas
490 3599 691 3665 catholicos
709 3601 777 3666 hac
796 3601 840 3665 de
857 3620 896 3665 re
913 3600 1094 3666 disserere
1112 3606 1253 3666 tantum
1271 3599 1429 3683 hypothe-

323 3708 406 3786 tice,
421 3707 589 3771 ordiuata
606 3708 700 3772 enim
719 3728 740 3772 a
758 3706 834 3773 Deo
849 3709 925 3790 jam
951 3709 1128 3791 religione
1147 3708 1184 3773 in
1212 3726 1319 3773 sensu
1351 3706 1429 3770 dirc-

323 3819 393 3895 cto,
408 3815 516 3878 etiam
530 3813 705 3880 indirecte
723 3815 891 3881 ordinata
903 3815 1131 3882 aestimanda
1147 3819 1215 3900 est,
1230 3819 1268 3880 et
1278 3815 1353 3880 Deo
1362 3830 1429 3897 pro·

324 3920 485 4002 vidente,
501 3926 620 3986 cessat
634 3941 881 4008 quaecumque
899 3923 973 3989 alia
987 3926 1198 3990 auotoritas.

412 4025 573 4107 Quatuor
592 4031 812 4113 praecipuae
829 4032 1035 4097 sententiae
1050 4050 1071 4095 a
1084 4032 1225 4114 juristis
1242 4034 1430 4096 sustentan-

324 4137 393 4196 tur:
414 4132 461 4198 1.⁸
483 4137 539 4197 est
556 4153 679 4202 eorum
697 4139 757 4221 qui
788 4144 957 4204 asserunt
987 4139 1203 4222 religionem
1239 4139 1427 4204 naturalem

325 4256 404 4304 esse
429 4242 611 4324 nogotium
628 4246 843 4310 naturaliter
862 4247 1041 4313 directum
1060 4253 1096 4311 et
1113 4248 1301 4332 proprium
1314 4241 1428 4330 priuci-
