3146 4980
610 393 787 452 -381-

122 533 190 599 bus
215 535 327 600 Petri
343 554 425 602 sese
443 537 613 620 praebuit
629 537 688 601 hic
704 538 882 618 pervicax
898 538 1067 618 scriptor,
1098 541 1149 618 ut,
1181 554 1262 600 cum

123 638 302 707 Summus
323 643 495 708 Pontifex
525 644 609 708 Pius
627 643 676 708 VI
700 647 1031 726 peregrinationem
1061 644 1107 707 ad
1138 644 1262 707 urbem

124 747 383 814 Viennensem
401 750 622 832 suscepisset
635 767 747 814 causa
772 753 913 816 vitandi
929 752 1098 831 schisma,
1114 750 1210 831 quod
1222 750 1262 813 li·

125 859 184 918 cet
201 874 282 920 non
304 857 522 937 formaliter,
540 858 669 921 saltem
688 857 732 921 de
749 858 848 922 facto
866 858 1108 941 praevalebat
1132 857 1263 921 audaci

129 969 272 1026 conatu
297 969 335 1027 et
352 963 533 1027 criminali
551 981 664 1045 opera
691 962 928 1046 Imperatoris
959 963 1110 1045 Josephi
1125 963 1173 1044 II,
1202 979 1262 1026 ne·

125 1068 479 1164 quissimoconsilio
508 1069 693 1134 minuendi
710 1071 771 1134 vel
800 1070 989 1134 auferendi
1016 1069 1262 1134 reverentiam

129 1175 360 1255 populorum
374 1191 464 1257 erga
481 1176 735 1240 auctoritatem
763 1177 1034 1257 pontificieiam,
1056 1174 1262 1240 edere-non

130 1281 286 1344 erubuit
298 1282 425 1363 lingua
442 1281 588 1362 vulgari
602 1283 813 1363 opusculum
831 1300 1062 1364 anonymum,
1078 1282 1262 1346 sedlicen-

127 1385 180 1448 tia
199 1388 414 1452 reviseram
432 1388 674 1469 imperialium
692 1389 881 1469 vulgatum
897 1389 966 1452 hoc
982 1389 1086 1451 titulo
1107 1385 1198 1464 Quid
1214 1393 1264 1450 est

132 1491 259 1575 Papa?
274 1493 508 1558 Venerabilis
523 1494 692 1558 Pontifex
708 1493 792 1558 Pius
810 1493 858 1558 VI
871 1495 925 1557 rei
938 1499 1010 1557 tam
1024 1493 1170 1574 iniquae
1185 1508 1259 1554 cer-

128 1598 200 1662 tior
218 1601 348 1664 faetus
362 1599 460 1664 illico
474 1600 634 1664 libellum
652 1599 810 1681 Eybellii
843 1599 1031 1665 damnavit
1060 1597 1169 1662 Brevi
1197 1596 1260 1661 Sa-

129 1723 193 1782 per
229 1707 426 1787 soliditate,
469 1708 571 1788 cujus
600 1706 882 1788 publicationem
913 1706 950 1770 in
980 1705 1054 1769 suis
1085 1702 1263 1768 Dominiis

134 1828 282 1876 summa
299 1830 381 1877 cum
400 1814 534 1894 iniuria
547 1813 732 1895 prohibuit
749 1813 957 1896 praedictus
974 1811 1190 1893 Imperator.

221 1920 281 1984 4.⁰
328 1921 371 1984 In
387 1921 497 1985 Italia
513 1921 736 2002 singularem
761 1921 981 1984 mentionem
996 1924 1156 1983 meretur
1173 1923 1262 1980 tam·

135 2042 246 2104 quam
265 2028 476 2109 potissimus
493 2032 744 2109 propugnator
761 2026 782 2091 J
785 2026 981 2089 ansonismi
998 2025 1035 2088 iu
1052 2043 1117 2088 sua
1146 2025 1263 2087 forma

132 2135 319 2198 canonica
350 2133 471 2217 Scipio
490 2135 534 2198 de
552 2134 663 2215 Ricei,
696 2134 896 2216 Episcopus
929 2131 1172 2211 Pistoriensis,
1201 2130 1262 2211 qui

139 2255 235 2304 anno
259 2239 360 2322 1786,
379 2247 419 2305 ut
434 2241 654 2304 intrusiones
672 2239 847 2321 Leopoldi
864 2236 976 2303 Ducis
1006 2237 1174 2302 Etruriae
1202 2235 1263 2298 ho·

135 2352 317 2428 uastaret,
346 2349 497 2429 ejnsque
515 2348 657 2429 iniquas
680 2345 955 2428 praetensiones
983 2342 1260 2424 obsecundaret,

134 2450 318 2518 famosam
335 2453 518 2536 Synodum
533 2454 787 2517 dioecesanam
802 2451 1034 2531 convocavit,
1050 2450 1108 2514 cui
1139 2449 1262 2513 adiue-

135 2571 174 2620 re
192 2558 264 2624 334
281 2561 490 2642 presbyteri
503 2559 628 2646 habitu
646 2558 847 2642 episcopali
876 2557 1004 2638 induti,
1035 2556 1187 2638 perinde
1219 2572 1263 2618 ac

137 2661 168 2726 si
181 2663 346 2749 insignia
363 2675 399 2730 et
412 2673 534 2732 vestes
552 2665 704 2747 gradum
721 2671 758 2728 et
781 2666 1000 2745 potestatem
1016 2661 1263 2743 episcopalem

142 2772 313 2838 conferre
330 2779 493 2854 possent:
512 2773 564 2836 ita
583 2773 748 2854 desipere
765 2770 883 2834 solent
896 2769 956 2850 qui
969 2767 1139 2849 superbia
1164 2766 1263 2830 ducti

136 2881 172 2940 et
189 2877 425 2961 Principibus
442 2879 671 2943 blandientes
684 2896 707 2941 a
723 2880 847 2940 centro
864 2872 1125 2939 communionis
1149 2876 1187 2935 et
1207 2889 1261 2936 or-

138 2982 302 3051 thodoxa
318 2984 389 3050 fide
406 2984 584 3050 resiliuntl

226 3091 387 3157 Habitae
404 3095 488 3154 sunt
506 3094 645 3172 septem
662 3087 855 3168 sessiones,
886 3085 923 3150 in
951 3084 1080 3167 quibus
1098 3101 1211 3167 opera
1228 3088 1264 3146 et

141 3192 323 3263 industria
340 3197 512 3264 Palmieri
526 3215 569 3262 ac
587 3197 803 3279 praesertim
815 3194 914 3258 Petri
930 3191 1141 3258 Tamburini
1153 3192 1262 3255 Ante-

145 3306 301 3369 cessoris
318 3305 533 3388 Ticinensis,
552 3303 720 3369 obdurati
737 3308 774 3366 et
804 3300 1074 3384 impoenitentis
1102 3299 1262 3380 ianseni·

141 3411 232 3493 stae,
253 3417 419 3476 assertae
436 3414 473 3475 et
490 3411 744 3493 promulgatae
760 3409 906 3473 fuerunt
922 3407 1079 3471 maximo
1098 3403 1262 3468 christia-

143 3513 179 3578 ni
197 3517 324 3599 populi
357 3516 533 3582 scandalo
550 3516 722 3580 haereses
746 3520 855 3597 atque
883 3512 1056 3594 ineptiae,
1075 3527 1165 3592 quas
1182 3509 1263 3574 heic

139 3635 344 3688 memorare
371 3639 687 3706 supervacaneum
705 3621 850 3685 omnino
867 3620 973 3701 toret,
1003 3621 1129 3698 utpote
1153 3617 1260 3680 notis-

144 3727 253 3794 simas
270 3730 449 3810 omnibus,
469 3730 529 3812 qui
547 3729 740 3811 generales
757 3725 892 3792 Sacrae
915 3723 1135 3804 theologiae
1148 3723 1260 3786 notio·

22 3887 23 3890 ,
141 3849 203 3900 nes
221 3837 352 3901 saltem
370 3835 576 3900 didicerint.
605 3834 757 3899 llrrores
775 3830 1015 3898 conciliabuli
1031 3828 1262 3893 Pistoriensis

142 3939 323 4008 aSummo
356 3941 532 4008 Pontiflce
564 3941 628 4006 Pio
660 3940 710 4005 VI
742 3937 904 4004 damnati
927 3940 1022 4018 sunt,
1056 3934 1263 4018 dogmatica

22 4043 24 4048 ’
142 4043 406 4116 Constitutione
418 4048 602 4114 Auctorem
617 4048 718 4113 Fidei
736 4046 846 4125 edita,
865 4045 903 4108 in
920 4061 991 4126 qua
1007 4041 1162 4108 diversis
1180 4059 1260 4108 cen·

135 4159 234 4223 suris
262 4163 437 4223 notantur
468 4155 637 4222 LXXXV
672 4153 938 4238 propositiones
963 4149 1258 4234 pseudo-synodi.

145 4258 244 4330 Haec
262 4263 553 4330 celebratissima
569 4261 674 4326 Bulla
704 4258 895 4326 Pontitieia
922 4257 990 4322 tuit
1022 4257 1068 4322 ab
1097 4255 1262 4322 omnibus
