3030 4990
527 413 703 470 -169-

73 557 225 642 expedire
242 561 375 642 potest:
407 558 466 640 jus
484 559 635 624 carceris
651 561 687 622 et
705 555 957 638 temporalium
976 573 1174 638 poenarum
1200 643 1202 648 Ι

73 685 128 748 pro
154 666 301 732 vitanda
334 666 576 732 renovatione
617 669 679 729 aut
710 665 947 729 reiteratione
972 663 1173 746 criminum,

71 775 303 858 fragendaque
317 773 546 839 contumacia
561 790 685 838 eorum
702 773 871 854 sontium,
886 773 1011 855 quilla
1028 773 1064 836 in
1079 771 1176 836 mala

72 879 185 961 agendi
201 881 344 945 ratione
362 880 530 945 obdurati
548 887 708 960 manent,
727 883 815 962 puta
838 878 1001 944 latrones
1029 879 1066 942 in
1084 877 1176 943 ordi·

72 1005 109 1051 ne
125 987 310 1072 temporali
328 990 365 1052 et
393 987 570 1052 haeretici
588 986 877 1070 dogmatizantes
894 986 931 1051 in
948 985 1074 1051 ordine
1107 985 1176 1067 spi-

72 1095 189 1179 rituali,
219 1101 272 1177 ut,
291 1096 436 1162 nonnisi
457 1113 609 1161 carcere
627 1095 781 1178 aliisque
799 1094 1061 1178 temporalibus
1095 1111 1177 1177 poe-

72 1202 117 1266 nis
147 1203 327 1285 adhibitis,
348 1203 512 1268 coerceri
545 1209 656 1286 atque
688 1203 830 1267 conteri
861 1207 1009 1285 queant:
1035 1202 1095 1283 jus
1127 1202 1179 1266 oie

72 1319 210 1376 armatae
223 1311 271 1376 ad
286 1312 487 1376 sententias
501 1316 630 1376 contra
644 1327 725 1375 reos
740 1311 955 1394 pervicaces
969 1311 1063 1373 latas
1077 1325 1178 1372 exse-

72 1420 229 1502 quendas;
244 1438 350 1485 secus
367 1421 463 1485 enim
481 1421 639 1484 societas
653 1419 771 1484 medio
789 1418 996 1484 necessario
1010 1423 1046 1481 et
1059 1418 1178 1482 effica-

72 1526 277 1592 cidestituta
308 1534 405 1593 esset
431 1531 508 1592 tum
525 1545 606 1592 sese
624 1526 843 1592 defendendi
873 1527 918 1590 ab
947 1525 1179 1590 ulterioribus

73 1635 362 1717 aggressionibus,
376 1639 449 1700 tum
463 1635 628 1699 tentandi
642 1633 885 1717 delinquentis
899 1633 1178 1716 correptionem,

73 1746 133 1804 tum
146 1741 298 1825 denique
316 1745 482 1808 caeteros
497 1742 705 1807 deterrendi
721 1742 767 1805 ab
783 1743 860 1823 ejus
874 1741 1088 1805 imitatione.

147 1849 198 1914 98.
239 1849 270 1914 N
273 1851 346 1915 otio
361 1851 568 1934 systematis
582 1851 788 1915 criminalis.
805 1847 892 1914 Cum
906 1848 1082 1930 agiturne
1096 1852 1181 1913 actu

73 1957 286 2040 oppressionis
300 1974 364 2022 scu
380 1956 424 2021 de
438 1957 639 2022 violatione
652 1958 814 2042 effectiva
828 1955 964 2020 ordinis
975 1955 1121 2019 socialis
1135 1955 1180 2019 ob

73 2064 237 2129 actionem
254 2065 350 2130 hunc
368 2065 574 2130 voluntarie
594 2065 880 2148 perturbantem,
906 2063 1069 2145 exsurgit
1082 2063 1180 2128 notio

70 2171 212 2264 =criminis
226 2173 287 2237 vel
305 2173 437 2255 delicti,
458 2189 526 2256 quo
556 2174 700 2238 nominc
718 2172 832 2238 venit:
858 2173 948 2238 actio
965 2171 1018 2237 oel
1043 2171 1181 2236 omissio

73 2277 198 2363 injusta,
212 2282 348 2347 auctori
365 2302 426 2347 ouo
440 2281 667 2366 imputabilia,
681 2282 836 2347 ordinem
849 2280 1011 2345 socialem
1025 2279 1182 2358 turbone,-

74 2383 189 2452 dicitur
204 2389 435 2474 imputabilia,
456 2389 554 2472 quia,
573 2389 662 2452 licet
679 2391 842 2473 potestas
865 2386 1036 2452 coactiva
1067 2389 1181 2449 custo·

75 2491 262 2578 direpossit
280 2513 343 2562 eos
361 2497 422 2580 qui
452 2501 607 2561 naturae
623 2497 844 2561 necessitate
874 2495 1036 2559 ordinem
1067 2492 1180 2576 publi·

75 2589 140 2668 curn
156 2603 361 2686 deturbant,
381 2607 433 2670 uti
445 2605 648 2688 dementes,
667 2605 796 2688 nequit
818 2607 941 2668 tamen
958 2603 1056 2685 ipsos
1082 2601 1182 2684 puni·

75 2725 105 2772 re
120 2727 158 2775 eo
185 2713 280 2794 quod
299 2713 397 2778 omni
416 2713 523 2796 culpa
542 2713 718 2777 immunes
735 2713 819 2794 sint3
851 2710 994 2775 additur
1027 2710 1183 2774 ordinem

74 2819 216 2885 socialem
241 2822 386 2887 tar-bane
412 2820 459 2885 ad
490 2820 766 2904 significandam
804 2817 1050 2883 differentiam
1083 2815 1180 2879 inter

75 2935 246 3005 peccatum
263 2935 300 2993 et
316 2930 453 2993 crimen
470 2945 535 2993 sen
552 2927 738 3008 delictum;
774 2925 865 2991 illud
884 2924 1047 2990 ordinem
1064 2939 1180 2987 mora·

75 3029 132 3096 lem
148 3033 358 3117 simpliciter
376 3034 578 3118 perturbat,
598 3033 666 3097 hoc
681 3039 802 3097 autem
821 3031 983 3095 ordinem
1009 3029 1182 3093 socialem

76 3141 202 3205 evertit:
218 3142 295 3224 jam
313 3159 401 3207 vero
418 3141 618 3206 auctoritas
635 3140 782 3206 socialis
802 3157 875 3202 non
892 3143 948 3202 est
961 3153 1026 3219 per
1046 3154 1085 3201 se
1102 3136 1184 3200 sim·

76 3245 201 3324 pliciter
218 3255 339 3314 custos
358 3249 493 3314 ordinis
526 3249 687 3330 moralis,
722 3247 786 3312 sed
804 3250 944 3310 tanturn
975 3244 1111 3309 ordinis
1128 3262 1182 3308 so·

77 3353 175 3438 cialis,
189 3357 343 3440 ideoque
356 3357 424 3440 ipsi
440 3357 584 3422 minime
600 3356 776 3421 incumbit
801 3358 1034 3438 peccatorum
1063 3369 1181 3415 corre·

78 3462 137 3527 ctio
150 3469 255 3548 atque
268 3465 420 3548 punitio.
435 3464 507 3529 Sub
520 3466 665 3530 nomine
677 3463 811 3546 delicti,
821 3465 971 3527 servata
987 3462 1089 3524 recta
1103 3477 1182 3542 pro-

78 3572 238 3656 portione,
269 3571 587 3656 comprehenditur
621 3573 731 3637 etiam
764 3569 1053 3656 qaaaiolelictnm,
1088 3563 1184 3648 quod

79 3682 297 3746 communiter
315 3679 456 3745 definiri
473 3680 577 3744 solet:
606 3681 697 3746 aetio
722 3681 855 3766 injusto
873 3678 1015 3743 lorbano
1028 3675 1184 3740 ordinem

79 3785 231 3870 socialem,
249 3789 477 3874 imputabilia,
496 3810 565 3854 non
583 3809 625 3853 ea
638 3788 715 3854 dolo
734 3788 791 3872 qui
806 3787 926 3871 defuit,
944 3784 1004 3849 sed
1020 3802 1062 3847 ea
1081 3782 1183 3866 culpo

73 3889 222 3977 juridico,
240 3895 300 3961 loo
319 3903 380 3978 est,
406 3917 449 3961 eoo
466 3897 648 3961 omissione
662 3895 794 3960 debitae
820 3892 1032 3978 diligentiae.
1053 3887 1182 3969 Quam-

80 3994 126 4059 ris
140 3998 266 4082 injure
283 4001 463 4067 criminali
480 4008 589 4085 atque
620 4000 767 4086 poenali
796 3998 980 4063 distinctio
1014 3994 1184 4061 facienda

81 4101 118 4164 ait
130 4103 217 4171 inter
230 4103 400 4173 rielictum
418 4109 566 4192 proprie
580 4113 775 4191 sumptum,
791 4105 887 4190 qrrod
902 4122 948 4169 ex
961 4104 1043 4169 dolo
1057 4121 1183 4186 proce·

82 4205 135 4290 dit,
147 4218 180 4276 et
192 4215 496 4298 quasi-delictum,
511 4220 634 4281 tamen
652 4216 717 4280 sub
735 4215 877 4279 ratione
897 4211 1070 4294 generice
1101 4227 1182 4274 con-

83 4317 224 4385 veniunt.
244 4320 338 4404 Quot
355 4328 476 4388 autern
504 4327 587 4388 sunt
618 4323 760 4406 species
786 4320 951 4386 ordinum
976 4317 1180 4397 socialium,
