3024 4994
543 419 720 480 -aal-

90 561 135 626 nis
149 563 196 627 ita
213 579 279 646 per
298 563 449 646 Pirhing
478 564 717 630 enuntiatum:
739 563 852 647 “Quia
872 563 963 630 alias
982 583 1053 630 non
1071 568 1192 649 potest

89 668 226 734 rebelles
238 669 488 736 inobedientes
506 688 677 738 coercere
691 676 728 738 et
744 690 868 738 eorum
882 672 1016 738 delicta
1028 673 1189 738 vindica·

87 792 130 856 re,
148 793 261 860 nequa
278 779 442 844 membra
466 779 612 861 putrida
637 784 745 863 atque
762 781 873 845 noxia
891 781 957 844 toti
974 781 1119 865 corpori
1137 797 1190 844 re·

87 899 211 967 secare,
229 889 268 949 ut
284 885 417 968 probat
440 886 681 952 Bellarminus
699 887 775 969 (lib.
794 888 814 952 3
842 889 883 953 de
900 887 1028 970 Laicis,
1048 905 1128 969 cap.
1148 887 1190 952 21

88 991 195 1074 et22);
213 1011 286 1058 non
313 997 436 1058 tamen
464 994 630 1060 Ecclesia
656 997 750 1061 solet
776 1013 950 1060 exercere
977 1000 1014 1060 et
1041 994 1192 1080 exsequi

86 1095 169 1161 hanc
181 1101 399 1180 potestatem
417 1118 483 1183 per
496 1100 638 1182 judices
655 1107 693 1167 et
708 1103 891 1168 ministros
909 1101 1190 1180 ecclesiasticae,

86 1205 141 1268 sed
156 1205 279 1288 laicos,
296 1212 332 1272 et
349 1208 532 1273 mediante
549 1226 672 1274 eorum
688 1211 882 1293 temporali
899 1212 1092 1292 potestate,
1108 1208 1193 1292 quia

86 1311 115 1374 id
131 1311 313 1378 decentius
332 1317 399 1398 est,
415 1319 452 1378 et
468 1316 596 1398 pietati
612 1315 800 1382 Ecclesiae
814 1317 1069 1400 contermina,

163 1417 231 1484 Sed
249 1422 426 1504 ejusmodi
445 1425 663 1504 argumenta
680 1441 767 1488 vere
784 1424 903 1488 futilia
921 1429 957 1487 et
969 1424 1046 1488 lere
1060 1422 1194 1487 nullius

86 1528 245 1592 momenti
262 1529 366 1594 nobis
383 1529 566 1611 videntur;
585 1531 720 1594 etenim
738 1531 783 1594 ad
808 1536 959 1595 mortem
977 1530 1142 1594 Ananiae
1159 1531 1196 1594 et

86 1631 250 1714 Saphirae
279 1637 374 1718 quod
403 1637 547 1716 attinet,
566 1637 634 1702 hoc
662 1637 799 1703 factum
828 1638 917 1703 nihil
947 1637 1089 1720 probat,
1109 1654 1192 1720 quo·

87 1742 172 1806 niam
188 1743 363 1826 Princeps
390 1743 649 1827 Apostolorum
673 1763 828 1828 poenam
857 1745 1041 1829 capitalen
1059 1762 1104 1826 ne
1122 1743 1195 1828 qui-

87 1846 157 1912 dem
175 1851 295 1915 verbis
314 1851 447 1932 intulit,
467 1851 532 1915 sed
550 1855 690 1916 tantum
707 1852 893 1935 praedixit
919 1868 1012 1934 quae
1030 1850 1127 1916 Deus
1144 1851 1196 1915 la·

87 1957 197 2020 cturus
215 1963 295 2022 erat
311 1976 377 2040 pro
392 1958 530 2024 directe
545 1959 725 2041 puniendo
740 1959 890 2024 crimine
903 1963 1062 2041 patrato:
1078 1957 1197 2041 quoad

87 2059 262 2129 Ecclesiae
279 2067 555 2147 perfectionem,
575 2067 743 2148 quamvis
762 2064 1004 2148 Congregatio
1019 2083 1041 2128 a
1055 2063 1196 2130 Christo

88 2167 221 2234 condita
237 2171 285 2235 sit
310 2171 475 2253 perfecta
491 2171 586 2236 sicut
610 2172 767 2236 societas
798 2172 929 2254 civilis,
948 2172 1058 2236 habet
1076 2178 1198 2236 tamen

88 2271 182 2340 linem
206 2277 343 2342 ordinis
367 2296 516 2362 prorsus
546 2277 695 2360 diversi,
715 2279 869 2362 ideoque
898 2281 1027 2362 positio
1054 2283 1090 2344 et
1113 2297 1198 2344 usus

89 2381 274 2449 mediorum
299 2385 361 2448 lini
389 2386 538 2467 proprio
564 2385 758 2468 unicuique
786 2385 953 2450 societati
981 2385 1197 2469 praestituto

89 2488 283 2572 adaequata
301 2509 381 2556 esse
412 2491 558 2572 debent;
579 2493 710 2557 exinde
741 2493 895 2557 infertur
913 2494 1080 2558 societati
1098 2494 1200 2558 civili

90 2603 283 2680 competere
309 2600 370 2681 Jus
388 2599 514 2682 gladii,
535 2599 619 2681 quia
645 2607 700 2664 est
724 2601 971 2665 necessarium
997 2605 1032 2664 et
1050 2619 1199 2683 propor-

90 2702 252 2771 tionatum
269 2725 335 2770 suo
352 2707 427 2782 lini,
447 2706 631 2789 videlicet,
649 2707 819 2772 felicitati
838 2707 1030 2788 temporali
1045 2709 1081 2772 in
1096 2724 1198 2789 prae·

90 2814 172 2876 senti
189 2814 266 2880 vita
301 2832 366 2897 per
397 2815 516 2880 media
543 2819 697 2880 externa
727 2815 991 2899 assequendae;
1011 2815 1200 2880 Ecclesiae

91 2923 200 2985 autem
216 2938 288 2986 non
306 2919 411 2986 decet
434 2922 561 2986 similis
586 2927 761 3005 potestas,
784 2922 869 3006 quia
893 2921 1102 2987 necessaria
1127 2939 1200 2986 non

91 3025 233 3110 ridetur,
253 3029 362 3093 immo
380 3046 470 3094 vero
499 3030 620 3094 aliena
645 3031 790 3094 omnino
809 3032 965 3122 apparet
993 3048 1016 3093 a
1032 3046 1097 3094 suo
1115 3029 1198 3110 fine,

91 3149 219 3219 nempe,
238 3136 357 3202 salute
386 3141 538 3201 aeterna
568 3154 634 3219 per
661 3137 844 3201 internam
875 3137 1201 3202 sanctificationem

92 3239 286 3310 obtinenda:
306 3242 450 3309 demum
468 3245 497 3308 si
522 3244 642 3326 agitur
672 3243 716 3307 de
744 3244 964 3308 necessitate
988 3245 1201 3308 societatem

92 3347 202 3414 tuendi
219 3353 328 3433 atque
356 3351 519 3416 membra
547 3349 694 3434 putrida
711 3355 748 3414 et
777 3351 888 3414 noxia
909 3351 1113 3433 resecandi,
1133 3353 1201 3417 etsi

93 3469 199 3534 poena
211 3459 341 3541 capitis
356 3459 572 3523 tutissimum
588 3458 743 3522 medium
756 3458 803 3522 sit
816 3457 975 3539 ponendi
992 3457 1201 3540 delinquen-

93 3563 140 3625 tes
155 3565 189 3628 in
205 3565 496 3648 impossibilitate
513 3565 664 3630 ulterius
682 3564 848 3646 nocendi,
866 3583 939 3628 non
958 3567 1013 3629 est
1032 3564 1123 3628 adeo
1141 3583 1200 3628 ne-

94 3671 253 3754 cessaria,
274 3677 312 3736 ut
330 3673 467 3755 absque
492 3672 561 3737 hoc
588 3677 751 3736 extremo
780 3673 941 3738 remedio
971 3679 1007 3736 et
1031 3688 1202 3752 suprema

94 3777 267 3856 punitione
296 3784 455 3862 nequeat
472 3779 603 3862 attingi
632 3783 667 3843 et
696 3781 807 3843 tutari
825 3779 987 3845 defensio
1016 3779 1202 3861 societatis

95 3885 369 3968 ecclesiasticae,
389 3885 494 3952 adest
521 3887 617 3952 enim
645 3904 774 3951 carcer
803 3893 1012 3970 perpetuus,
1032 3886 1093 3951 ubi
1121 3902 1202 3969 pru·

95 3987 209 4056 denter
235 3995 407 4058 timeatur
436 3999 589 4074 sontem,
619 4012 677 4058 ex.
712 4011 766 4076 gr.
799 3993 1025 4059 haereticum
1054 3993 1201 4076 dogma·

96 4095 253 4165 tuentem
282 4100 484 4166 recidivum
512 4101 629 4168 denuo
659 4101 871 4165 societatem
902 4118 982 4165 esse
1013 4098 1201 4182 perturba·

96 4205 214 4271 turum.

176 4313 249 4379 134.
299 4311 494 4396 Quaeritur
506 4318 557 4381 4.⁰
573 4335 620 4383 an
633 4315 800 4383 Ecclesia
812 4315 847 4380 oi
858 4321 997 4381 armata
1010 4313 1061 4379 uti
1074 4309 1202 4396 possit.
