3120 4988
554 425 711 492 ,45-

84 575 115 638 in
135 575 264 658 quibus
281 576 408 642 eadem
427 575 613 642 Ecclesiae
642 576 819 659 perfectio
844 579 881 642 et
897 575 1194 659 independentia,

84 685 116 746 ut
137 682 304 749 doctrina
331 683 513 749 catholica
530 684 576 748 ab
594 684 758 750 omnibus
789 683 960 767 tenenda,
979 683 1196 767 gravissime

84 789 275 855 adstruitur
291 809 336 856 ac
354 791 573 856 vindicatur.

162 902 193 976 c)
241 897 501 962 Memorandae
525 897 663 981 pariter
680 903 763 962 sunt
776 899 1043 981 propositiones
1060 897 1148 964 XIX
1161 903 1198 963 et

85 1001 194 1068 XXIV
213 1003 409 1068 damnatae
423 1023 445 1068 a
457 1004 661 1070 venerabili
675 997 855 1070 Pontifice¹
869 1005 930 1069 Pio
947 1005 1000 1070 IX
1013 1005 1130 1071 felicis
1143 1023 1197 1070 re·

85 1110 310 1195 cordationis,
330 1128 423 1195 quae
436 1113 488 1176 ita
502 1111 697 1176 cebebant:
716 1109 1040 1177 XIX—“Ecclesia
1059 1117 1198 1176 nonest

85 1235 166 1282 rera
182 1218 421 1301 perfectaque
448 1218 605 1282 societas
635 1217 745 1300 plane
762 1219 891 1300 libera,
910 1236 978 1284 nec
994 1219 1109 1302 pollet
1125 1220 1198 1284 suis

86 1326 234 1408 propriis
250 1331 287 1391 et
305 1327 555 1391 constantibus
575 1326 718 1409 juribus
745 1327 813 1391 sibi
843 1345 865 1390 a
880 1326 1006 1392 divino
1024 1344 1089 1391 suo
1105 1327 1198 1391 Fun·

87 1431 205 1498 datore
230 1433 387 1515 collatis,
404 1433 468 1498 sed
496 1432 616 1498 civilis
644 1433 835 1515 potestatis
860 1438 916 1498 est
933 1433 1085 1499 definire
1104 1451 1199 1516 quae

87 1539 151 1603 sint
178 1539 366 1605 Ecclesiae
390 1540 476 1622 jura
493 1557 537 1604 ac
565 1539 710 1622 limites,
729 1541 933 1624 intorques
961 1541 1089 1606 eadem
1114 1542 1198 1622 jnra

88 1663 251 1712 exercere
275 1652 419 1732 queat,;
440 1645 800 1712 XXiv-“Iicclesia
816 1649 872 1713 vis
901 1648 1114 1713 inferendae
1138 1665 1199 1731 pc-

89 1757 246 1820 testatem
275 1771 350 1819 non
367 1753 490 1836 habet,
510 1771 628 1837 neque
646 1755 757 1819 ullam
782 1759 1002 1838 potestatem
1020 1760 1199 1839 tempora·

89 1861 152 1926 lem
169 1861 346 1928 directam
364 1861 425 1926 vel
437 1861 688 1947 indirectam„

169 1968 203 2053 d)
247 1967 482 2034 Memoranda
499 1968 654 2052 denique
671 1971 755 2033 sunt
771 1985 815 2033 ac
832 1968 983 2034 tirmiter
1008 1969 1199 2034 retinenda

91 2073 364 2141 luculentissima
380 2074 511 2141 Leonis
539 2075 628 2140 XIII
647 2076 773 2140 verba:
796 2073 975 2158 “intelligi
1004 2075 1112 2140 debet
1135 2075 1199 2140 Ec-

91 2179 225 2246 clesiam
244 2183 459 2247 societatem
476 2199 569 2262 esse,
590 2199 661 2247 non
679 2183 795 2246 minus
814 2200 921 2264 quarn
940 2182 1055 2264 ipsam
1074 2183 1200 2246 civita·

92 2291 166 2370 tem,
184 2305 318 2371 genere
335 2295 372 2354 et
384 2291 468 2373 jure
486 2289 700 2372 periectam3
720 2305 837 2371 neque
866 2288 1011 2369 debere,
1031 2289 1092 2372 qui
1108 2307 1200 2353 surn-

93 2396 334 2479 mamimperii
357 2401 519 2478 teneant,
550 2396 776 2461 committere
807 2399 844 2459 ut
871 2394 940 2459 sibi
968 2397 1110 2460 servire
1139 2397 1203 2459 aut

94 2499 228 2568 subesse
242 2503 446 2568 Ecclesiam
460 2506 604 2585 cogant,
620 2508 683 2567 aut
700 2502 814 2566 minus
829 2519 908 2566 esse
921 2503 1044 2566 sinant
1057 2500 1102 2566 ad
1117 2519 1202 2566 suas

94 2623 144 2672 ree
159 2608 316 2692 agendas
334 2609 500 2690 liberam,
518 2616 582 2674 aut
600 2609 796 2694 quidquam
813 2608 858 2674 de
876 2611 1033 2673 cacteris
1060 2608 1202 2690 Juribus

95 2713 274 2783 detrahant
287 2735 381 2800 quae
398 2718 434 2782 in
448 2719 564 2802 ipsam
583 2735 605 2780 a
616 2717 703 2782 Jesu
722 2715 864 2783 Christo
879 2715 1106 2780 collatasunt
1117 2715 1200 2800 (1),

507 2927 771 2980 OBJEGTIONES.

173 3093 223 3158 33.
270 3091 413 3175 Object.
431 3093 481 3158 1.²
499 3097 626 3158 contra
655 3091 906 3175 probationem
926 3091 1135 3178 juridicam.
1168 3088 1203 3153 Si
1251 3157 1254 3164 ,

98 3199 242 3277 potestas
272 3195 446 3266 Eclesiae'
467 3199 715 3283 independens
745 3204 841 3264 esset
859 3199 905 3262 ad
934 3197 1054 3261 omnia
1084 3195 1203 3262 media

99 3305 164 3385 ejus
179 3307 237 3372 tini
254 3309 534 3391 proportionata
548 3307 766 3386 adhibenda,
785 3311 1000 3388 sequoretur
1018 3305 1204 3369 conflictus

100 3416 355 3481 consocietate
378 3416 491 3498 civili,
512 3417 597 3500 quia
615 3415 708 3480 duae
724 3416 920 3480 societates
938 3415 1126 3496 perfectae
1152 3417 1203 3476 at-

100 3521 452 3606 qneindependentes
475 3523 679 3588 coexistere
697 3527 892 3606 nequeunt,
922 3521 1008 3604 quin
1034 3520 1204 3602 indepen-

102 3621 206 3692 dentia
231 3630 337 3694 unius
355 3629 527 3694 excludat
541 3629 861 3712 independentiam
878 3628 1040 3710 alteriue,
1061 3643 1204 3709 unaque

102 3735 220 3799 tantum
239 3736 374 3801 existat
391 3754 479 3802 vere
498 3736 760 3819 independens,
777 3735 837 3800 vei
853 3753 872 3825 e
886 3739 1014 3799 contra
1028 3733 1205 3798 habeatur

101 3833 215 3904 bellum
228 3847 458 3926 perpetuum,
478 3843 752 3926 antagonismus
783 3847 925 3906 mutuus
954 3845 990 3906 et
1015 3839 1204 3906 conflictus

102 3999 240 4017 Ch

103 4109 200 4169 tottam
209 4114 290 4172 Iar-ii
298 4115 408 4172 Publici
420 4114 708 4179 declamatoriae
720 4117 858 4184 Secunda,
867 4117 927 4170 LIb.
938 4116 989 4182 111,
1000 4131 1061 4182 cap.
1074 4115 1096 4180 1,
1108 4120 1159 4168 art.
1167 4114 1205 4167 11.

104 4180 203 4241 Ennea
215 4187 276 4243 Car.
289 4189 425 4256 Tarquini
438 4192 535 4257 piures
548 4205 644 4243 earnm
659 4188 903 4242 Constitutionum
915 4189 1028 4254 coIIegtt
1040 4190 1069 4241 tn
1082 4202 1135 4242 sua
1145 4187 1203 4243 Dis·

105 4259 239 4314 amatione
250 4261 286 4314 de
298 4259 407 4314 Placito
420 4258 512 4330 Rapio.
971 4279 974 4282 ·

162 4328 197 4397 (l)
231 4331 344 4400 Encycl.
360 4329 518 4386 [materiate
530 4329 592 4400 Dei,
603 4333 620 4401 ἓ
630 4328 677 4384 ria
686 4329 723 4384 io
734 4334 833 4386 auam.
