3030 4990
796 421 974 480 -126-

326 563 504 633 theoriam
523 563 567 630 de
585 563 719 648 duplici
737 565 861 648 gladio
874 565 971 650 apud
983 564 1229 632 scholasticos
1247 566 1360 632 medio
1378 585 1431 632 ae-

328 691 374 740 vo
393 673 631 739 communiter
643 679 842 758 receptam,
859 692 954 759 queo
966 675 1121 759 quidem,
1135 675 1301 759 quamvis
1313 676 1357 740 sit
1368 694 1431 740 me·

326 799 368 846 ra
382 781 582 848 declaratio
600 782 660 847 vel
680 782 961 865 exemplificatio
980 799 1045 866 per
1074 783 1431 849 accommodationem

328 906 373 954 cx
390 889 594 972 Evangelio
612 887 781 972 deducta,
801 889 865 955 sed
883 909 955 956 non
972 891 1008 956 in
1022 907 1129 956 seusu
1147 890 1296 956 litterali
1310 889 1432 956 Sacrae

324 995 536 1080 Scripturas
553 996 656 1078 fulto,
675 1005 795 1062 tomen
814 1003 969 1063 mentem
988 1005 1025 1064 et
1042 998 1243 1064 doctrinam
1259 997 1432 1064 Ecclesiae

325 1103 394 1168 hac
412 1103 456 1168 de
473 1121 512 1168 re
531 1103 635 1168 nobis
653 1103 831 1184 edisserit3
866 1105 1020 1170 alteram
1053 1122 1155 1187 vero,
1190 1106 1432 1170 auctoritatem

325 1209 494 1294 Angelici
522 1211 693 1275 Doctoris
726 1211 901 1292 ejusmodi
943 1212 1194 1296 quaestionem
1228 1214 1432 1295 exponentIs

322 1317 429 1399 juxta
446 1335 549 1382 suum
568 1336 704 1383 morem
721 1335 854 1401 magna
870 1319 1131 1402 perspicuitate
1149 1322 1186 1383 et
1202 1320 1429 1401 praecisione.

414 1429 449 1504 o)
493 1425 672 1491 Doctores
686 1425 826 1490 mediae
839 1427 972 1491 aetatis
986 1443 1093 1493 sensu
1108 1425 1378 1492 accommodato
1391 1428 1434 1492 in-

324 1534 517 1616 terpretati
534 1533 634 1598 illum
651 1534 771 1598 locum
787 1536 1053 1618 evangelicum,
1071 1535 1193 1619 inquo
1209 1533 1245 1600 S.
1263 1536 1378 1601 Lucas
1395 1535 1433 1617 (Il

325 1647 453 1706 narrat
470 1641 667 1724 discipulos
684 1641 818 1707 Divino
843 1641 1016 1725 Magistro
1033 1641 1180 1708 dixisse:
1200 1643 1359 1726 Domine,
1372 1663 1434 1708 ecce

325 1750 392 1816 duo
415 1750 527 1836 pluuii
555 1749 619 1832 lic,
645 1767 689 1816 ac
714 1749 905 1834 Domipum
929 1751 982 1815 eis
1006 1750 1250 1834 respondisse:
1275 1751 1362 1816 satie
1384 1757 1434 1830 est,
1508 1751 1509 1806 i

325 1856 579 1920 existimarunt
596 1857 633 1920 in
650 1856 705 1921 his
724 1856 862 1922 duobus
878 1856 1010 1940 gladiis
1026 1857 1218 1940 figuratam
1234 1874 1315 1922 osse
1332 1855 1435 1940 dupli·

325 1981 403 2028 cern
429 1967 647 2046 potestatem
676 1965 912 2028 coercitivam
940 1963 1140 2045 Ecclesiae,
1160 1983 1269 2029 unam
1298 1964 1343 2028 ob
1366 1965 1435 2046 ipsa

325 2070 491 2136 Ecclesia
519 2071 760 2153 inferendam,
790 2071 827 2136 id
859 2075 925 2153 est,
960 2089 1026 2154 per
1057 2089 1195 2153 poenas
1223 2071 1433 2156 spirituales,
1508 2159 1509 2162 Ἴ

326 2178 434 2242 sliam
471 2177 669 2242 ministeriu
700 2177 921 2260 Principum,
952 2195 1017 2261 per
1045 2194 1184 2260 poenas
1212 2178 1433 2262 temporales.

325 2284 521 2350 Enimvero
539 2283 742 2368 hujusmodi
760 2285 932 2368 analogia
950 2303 1033 2350 usus
1058 2290 1114 2352 est
1137 2285 1345 2352 Boniiacius
1361 2283 1435 2350 VIII

326 2393 362 2456 in
388 2392 627 2458 celeberrima
656 2392 761 2456 Bulla
781 2393 893 2458 Unum
916 2395 1095 2476 Sanctam
1111 2399 1148 2458 et
1175 2396 1261 2458 ente
1288 2411 1365 2458 eum
1388 2410 1434 2456 sa·

325 2499 570 2583 pientissimus
588 2499 756 2564 Pontifex
782 2499 1015 2566 Innocentius
1032 2499 1099 2584 111,
1119 2508 1155 2565 et
1170 2501 1271 2584 prius
1288 2500 1435 2582 (saeculo

326 2625 406 2672 cum
432 2607 578 2674 dimidio
605 2613 689 2674 ante
706 2609 934 2674 BonilacIum
950 2607 1050 2688 VIII)
1068 2625 1149 2674 eam
1167 2608 1355 2693 proposuit
1370 2607 1435 2690 lpse

326 2713 361 2780 S.
376 2715 596 2798 Bernardus,
612 2722 815 2799 postremus
828 2715 1017 2782 Ecclesiae
1035 2716 1143 2781 Peter
1161 2721 1197 2780 et
1211 2715 1348 2780 Doctor
1363 2713 1435 2779 mel·

326 2821 456 2906 liiluus,
492 2825 544 2888 ita
575 2822 621 2887 ad
652 2823 851 2906 Eugenium
868 2823 921 2888 ΙΙΙ
937 2825 1015 2906 ejus
1032 2823 1247 2906 discipulum
1271 2823 1433 2888 scribens:

331 2931 477 3014 Uterque
495 2951 572 3017 erpo
590 2930 766 2996 Ecclesiae
780 2939 812 2996 et
827 2932 1026 3016 spiritualis
1038 2932 1170 2998 scilicet
1182 2930 1323 3014 pladiue
1335 2937 1365 2995 et
1378 2950 1435 2993 mo·

327 3039 472 3120 seriatis,
490 3038 550 3102 sed
566 3039 597 3102 is
610 3039 746 3122 quidem
756 3059 826 3123 pro
843 3037 1011 3120 Ecclesia,
1025 3038 1085 3103 ille
1099 3057 1178 3104 uero
1191 3045 1223 3103 et
1237 3039 1279 3103 ab
1292 3035 1435 3102 Ecclesia

327 3145 551 3225 coercendus,-
568 3145 627 3208 ille
655 3145 855 3226 sucerdotis,
880 3147 911 3211 ie
934 3145 1057 3210 militia
1081 3165 1197 3228 mauu,
1214 3145 1275 3210 seu
1297 3164 1377 3210 acue
1398 3141 1436 3207 ud

327 3259 447 3317 uultum
460 3253 650 3318 sacerdotis
668 3255 847 3339 etjuseum
863 3253 1088 3338 imperatorie
1100 3253 1160 3336 (2).

416 3359 448 3438 b)
496 3357 647 3423 Praeter
663 3357 759 3423 hauc
783 3359 961 3425 theoriam
978 3377 1123 3424 sensum
1141 3357 1330 3424 Ecclesiae
1346 3355 1436 3421 nobis

222 3467 223 3470 ’
328 3465 1435 3549 ostendentem,TheologiScholesticidocueruntflnemproc·
1509 3459 1510 3536 ἶ

328 3575 470 3656 cipuum
490 3573 676 3655 regiminis
693 3574 811 3638 civille
829 3575 865 3638 in
883 3593 926 3640 ea
942 3593 982 3640 re
1000 3575 1213 3656 consistere,
1233 3578 1272 3639 ut
1289 3573 1436 3638 homiues
1509 3597 1510 3628 1

328 3679 375 3744 ad
387 3683 572 3763 virtutem,
592 3698 636 3746 ec
652 3680 805 3763 proinde
830 3681 875 3746 ad
893 3681 1105 3766 obsequium
1123 3686 1159 3748 et
1178 3679 1437 3748 observantiam

329 3804 417 3869 erga
434 3787 658 3871 Religionem
676 3787 929 3872 informentur3
948 3807 1014 3874 pro
1034 3790 1199 3856 omuibus
1213 3789 1319 3872 jubat
1334 3788 1436 3852 citorc

328 3895 582 3960 auotorItatem
615 3894 650 3960 S.
684 3895 856 3976 Thomas,
891 3896 1069 3981 Principis
1101 3897 1363 3980 Theologorum
1391 3893 1436 3956 ite

330 3999 475 4081 ujentis:
498 3999 702 4085 Cuicumque
729 4003 894 4070 incumbit
910 4004 1046 4088 aliquid
1058 4007 1234 4092 perficere,
1253 4004 1341 4089 quod
1357 4000 1436 4068 ordi·

333 4147 452 4156 —-.-..-

400 4265 437 4330 (l)
472 4265 539 4330 Cap.
553 4267 648 4332 XXII,
660 4283 683 4318 v.
699 4270 740 4318 ild.

401 4337 443 4406 (2)
481 4337 541 4390 Lib.
555 4338 603 4390 IV.
617 4337 649 4389 de
664 4337 768 4390 emmiu.
782 4355 842 4406 cap.
857 4344 881 4392 t.
