3024 4994
797 424 974 484 -178-

326 567 364 632 to
380 565 608 633 incommodo
626 569 663 632 et
678 566 762 633 boni
779 569 983 650 personalis
998 571 1157 656 Jactura,
1176 573 1229 638 rei
1252 571 1438 640 audiantur

327 675 364 740 et
379 673 534 739 formale
543 673 719 757 judicium
732 676 955 760 instituatur;
971 695 1059 762 ergo
1073 678 1225 745 Romani
1237 680 1435 764 Pontifices,

327 778 491 864 Supremi
523 779 712 846 Ecclesiae
729 781 976 866 Magistratus,
995 791 1031 850 et
1047 783 1231 870 Episcopi,
1252 788 1437 854 inferiores

327 887 514 953 societatis
528 887 751 953 christianae
764 889 949 973 Rectores,
968 893 1029 974 qui
1059 892 1183 957 divina
1217 894 1438 960 ordinatione

326 998 510 1078 potestate
522 993 659 1078 ligandi
675 1001 785 1080 atque
801 997 968 1063 solvendi
992 999 1161 1065 instructi
1175 1006 1270 1082 sunt,
1290 1003 1367 1084 ipso
1392 1003 1437 1066 io·

328 1105 387 1167 cto
418 1100 624 1167 traditionis
641 1102 818 1184 ejusmodi
845 1105 1182 1187 praestantissimae
1200 1109 1436 1191 auctoritatis,

329 1227 420 1276 vera
433 1210 609 1276 facultate
623 1211 811 1294 judicandi
828 1213 1001 1297 gaudent,
1021 1219 1059 1280 ut
1089 1213 1126 1279 iu
1158 1214 1305 1296 ligando
1337 1221 1438 1299 atque

328 1315 504 1384 solvendo
538 1335 687 1384 normae
709 1319 874 1401 justitiae
902 1337 983 1385 sese
1011 1324 1257 1404 attemperant
1284 1327 1321 1386 et
1347 1328 1438 1388 recte

327 1423 541 1509 procedant.
559 1429 584 1503 ο)
614 1423 654 1492 Si
666 1429 986 1512 outempecoooarc't
1002 1429 1039 1493 io
1055 1435 1086 1493 le
1097 1429 1211 1508 frater
1239 1437 1330 1512 tuos,
1350 1430 1436 1512 node,

327 1540 360 1599 et
375 1534 511 1618 corripe
524 1553 599 1598 oum
617 1533 707 1598 inter
723 1541 754 1598 te
767 1542 799 1599 et
814 1535 926 1620 ipsum
939 1535 1061 1602 colum.
1079 1533 1118 1600 st
1135 1541 1165 1600 to
1196 1538 1360 1616 audierit,
1394 1537 1437 1602 lu·

327 1647 446 1706 oratam
458 1639 528 1705 erio
544 1640 692 1724 fratrom
708 1647 815 1704 tuum.
835 1639 874 1706 st
887 1647 1000 1708 aulam
1015 1649 1045 1706 tc
1062 1663 1129 1706 noo
1146 1643 1308 1724 audierit,
1325 1643 1438 1710 adhibe

329 1755 438 1814 lecum
454 1747 565 1814 adduc
579 1767 696 1830 unum,
715 1747 768 1813 oei
781 1747 878 1832 duos,
894 1757 932 1814 ul
944 1752 980 1814 in
993 1769 1051 1816 ora
1082 1748 1229 1816 duorum
1255 1751 1309 1816 vel
1343 1753 1439 1816 trium

328 1857 464 1922 testium
477 1863 541 1922 atet
556 1876 652 1922 omno
669 1857 818 1921 verbum.
841 1855 938 1934 Quod
954 1857 985 1922 si
1010 1879 1078 1924 ooo
1109 1859 1262 1924 audierit
1292 1880 1359 1925 eos:
1390 1860 1438 1922 dio

305 1961 504 2060 ,Ecclesiae
520 1961 581 2047 (1);
600 1961 722 2028 hocin
739 1963 819 2027 loco
833 1960 1004 2028 Salvator
1018 1963 1165 2029 humaui
1182 1965 1328 2048 generis
1354 1964 1438 2029 ordi-

327 2087 410 2135 nem
427 2071 464 2135 in
482 2069 714 2152 correptione
725 2069 891 2134 fraterna
908 2071 1129 2136 servandum
1161 2072 1353 2154 assignans
1384 2089 1437 2155 po·

328 2179 498 2242 testatem
523 2175 735 2258 jndicialem
764 2175 952 2242 Ecclesiae
984 2177 1195 2242 solemniter
1227 2177 1437 2258 declaravit

328 2285 482 2368 primum
496 2283 763 2367 correptionem
780 2293 961 2350 secretam
980 2289 1017 2350 et
1046 2285 1304 2351 charitativam
1337 2287 1438 2352 incul-

329 2396 390 2457 cat
403 2389 456 2473 (st
472 2397 586 2456 autem
596 2391 797 2476 peccaverit
811 2391 849 2457 in
867 2399 897 2457 le
906 2391 1023 2478 frater
1039 2401 1127 2474 tuus,
1147 2392 1245 2472 oudo,
1265 2401 1295 2458 et
1313 2395 1438 2476 corripe

329 2519 404 2565 auor
422 2499 513 2564 inter
526 2505 556 2564 te
569 2499 682 2583 ipsum
699 2499 839 2580 solum),·
856 2497 986 2563 deinde
1002 2499 1177 2582 judicium
1196 2500 1369 2566 arbitrale
1383 2517 1438 2564 scu

329 2611 451 2671 actum
465 2605 729 2670 conciliationis
744 2605 962 2688 praescribit
981 2607 1026 2686 (si
1042 2615 1156 2672 autem
1173 2617 1203 2673 to
1234 2629 1303 2674 uon
1332 2607 1437 2674 audie·

328 2713 387 2794 rit,
404 2711 527 2778 adhibe
543 2719 652 2777 lecum
668 2711 780 2778 adduc
797 2731 902 2777 onum
918 2713 971 2778 ool
988 2713 1100 2794 duos);
1121 2713 1287 2797 deniquo,
1304 2711 1438 2798 quando

328 2819 448 2885 media
465 2817 653 2884 charitatis
683 2823 723 2883 et
749 2817 1014 2885 adhortationis
1046 2819 1190 2885 inutilia
1222 2820 1382 2886 evadant
1408 2825 1439 2881 et

329 2925 538 2993 conciliatio
554 2925 692 2991 frustra
724 2927 865 2990 tentata
892 2926 949 3009 sit,
981 2925 1085 3008 jubet
1116 2927 1256 2992 institui
1274 2927 1437 3010 judicium

329 3034 596 3100 contentiosum
620 3034 728 3116 juxte
746 3051 926 3099 canonum
943 3033 1097 3100 formam
1113 3033 1226 3115 (Quod
1242 3036 1273 3101 oi
1306 3057 1372 3103 uon
1387 3055 1438 3100 oo·

330 3142 436 3208 discit
466 3161 533 3206 eoa·
566 3141 622 3206 dio
649 3139 857 3223 Ecclesiae),
877 3141 938 3206 ubi
954 3141 1077 3225 palam
1110 3142 1320 3224 agnoscitur
1337 3147 1372 3208 et
1386 3138 1437 3205 ad-

326 3245 512 3332 judicatur
529 3245 717 3312 Ecclesiae
735 3248 892 3312 facultas
903 3247 1103 3332 judicandi.
1373 3333 1376 3342 Ι

418 3353 512 3420 Prob
529 3352 582 3418 2?
598 3353 705 3436 praxi
723 3351 976 3440 Apostolorum,
992 3371 1086 3439 quae
1102 3355 1207 3421 nobis
1224 3359 1337 3439 patet:
1356 3357 1384 3436 ⁸)
1399 3371 1438 3418 ex

329 3461 651 3544 eorumexemp10;
670 3461 724 3526 sic
740 3460 774 3527 S.
793 3461 921 3526 Petrus
938 3467 1121 3544 potestate
1142 3463 1310 3544 jndiciali
1338 3463 1438 3527 utitur

329 3571 368 3636 in
383 3587 471 3636 casu
488 3568 775 3635 defraudationis
792 3569 838 3632 ab
855 3569 998 3634 Anania
1031 3574 1068 3633 et
1100 3567 1256 3652 Saphira
1283 3572 1437 3653 patratae

330 3679 392 3762 (2),
410 3676 512 3742 illum
525 3676 675 3758 Judioio‚
695 3679 733 3740 ut
749 3675 800 3740 ita
813 3675 944 3758 dicam,
959 3671 1437 3759 summarissimoJ'udicando

331 3789 440 3869 atque
453 3783 607 3850 Domino
620 3783 909 3866 increpationem
923 3783 1089 3866 Apostoli
1104 3785 1225 3850 subita
1238 3789 1354 3850 morte
1366 3799 1437 3847 cou-

330 3893 509 3974 firmante,
528 3891 635 3956 istam
652 3907 741 3956 vero
766 3891 885 3954 forma
897 3889 1063 3973 judiciali
1078 3891 1297 3974 damnando;
1318 3889 1437 3958 etenim

331 4001 526 4065 servantur
547 3997 772 4065 conditiones
790 3997 851 4064 vel
867 3997 1043 4081 requisita
1075 3999 1286 4064 essentialia
1315 3995 1437 4080 jndicio

335 4151 546 4164 -ι--σ-ῠ-Α

401 4283 440 4351 (l)
478 4280 591 4347 Meton,
605 4295 665 4350 cap.
680 4279 744 4344 XV,
756 4298 802 4334 vv.
815 4281 856 4346 id,
868 4282 900 4336 16
913 4283 943 4334 ot
957 4281 999 4333 li.

403 4355 443 4424 (2)
477 4355 539 4408 Act.
558 4354 656 4422 Apost.
670 4367 730 4422 cap.
749 4354 788 4413 V.
800 4370 828 4408 v.
841 4354 856 4408 7
869 4357 898 4408 et
911 4351 1107 4420 sequentibus.
