3024 4994
809 383 975 444 ‚100-

327 531 458 608 tatami)
477 529 528 593 ita
545 529 790 611 peremptorie
807 527 934 594 edixit:
953 529 1104 595 Nescitis
1122 529 1284 613 quoniam
1311 532 1444 616 anqalas

318 635 577 725 jndicabtmau
592 641 718 722 quanto
747 637 857 723 maqis
886 636 1102 702 saecularia?
1119 636 1180 717 (1);
1201 635 1295 700 unde
1322 637 1378 700 ias
1394 641 1445 700 est

327 741 511 825 conjicere
524 742 632 824 Juxta
649 740 694 806 D.
709 741 859 808 Paulum
874 747 1092 826 patestatem
1101 741 1311 825 judicialem
1326 742 1442 808 Eccle-
1494 767 1495 826 q

327 849 404 916 siae
422 848 513 915 adeo
531 849 644 914 latam
663 849 882 932 plenamque
900 867 993 932 esse,
1013 855 1052 915 ut
1069 867 1141 915 non
1159 849 1329 915 modoad
1347 851 1442 933 spiri-

328 957 441 1022 tualia
458 973 539 1022 sese
567 957 744 1040 porrigat,
763 975 889 1022 verum
922 957 1031 1022 etiam
1048 957 1093 1022 de
1121 955 1371 1023 saecularibus
1387 968 1444 1022 aut

327 1063 588 1147 temporalibus
621 1081 843 1146 cognoscere
871 1069 907 1130 et
926 1064 1094 1146 judicare
1123 1071 1247 1148 queat,
1274 1070 1442 1149 quatenus

328 1171 541 1237 relationem
556 1171 617 1236 vel
635 1171 898 1242 connexionem
914 1189 995 1237 cum
1010 1171 1229 1238 coelestibus
1242 1179 1278 1238 et
1292 1176 1442 1238 aeternis
1495 1247 1496 1260 χ

327 1279 464 1362 passim
480 1277 651 1344 habeant.
1495 1263 1496 1272 ’

416 1385 522 1450 Prob.
541 1385 594 1450 39
611 1403 719 1450 sensu
743 1387 964 1470 antiquitatis
990 1385 1225 1451 christianae:
1258 1405 1380 1452 ornnes
1403 1387 1441 1451 si·

328 1492 472 1579 quidem
490 1499 693 1574 agnoscunt
709 1497 746 1557 et
771 1493 865 1557 ultro
892 1493 1054 1558 latentur
1082 1511 1213 1558 causas
1230 1493 1441 1558 ecclesiasti·

327 1619 403 1682 aas,
429 1616 572 1682 nempe,
592 1617 687 1684 quae
704 1600 750 1664 ad
768 1599 886 1682 fldem,
906 1617 1024 1664 mores
1053 1605 1089 1664 et
1118 1600 1348 1683 disciplinam
1371 1617 1441 1684 spe·

328 1713 441 1790 etant,
460 1706 539 1772 toro
556 1707 807 1772 ecclesiastico
821 1715 1040 1789 competere3
1057 1707 1244 1772 audiamus
1259 1707 1329 1772 hae
1342 1726 1441 1790 super
1496 1749 1497 1758 κ

329 1836 369 1881 re
381 1816 612 1899 praeclarum
629 1815 874 1882 testimonium
889 1815 1011 1898 Papae
1025 1816 1160 1898 Vigilii:
1187 1817 1335 1904 Neqatia
1350 1817 1439 1884 ecclc·

327 1925 471 1990 siastica
494 1922 747 2009 Episcoparam
763 1923 902 2012 judicio
919 1930 1099 1989 reseruata
1124 1931 1213 2006 sant,
1231 1925 1334 2010 idque
1342 1928 1441 2014 juata

327 2030 595 2098 ecclesiasticum
618 2050 755 2112 moram,
772 2031 882 2118 juata
903 2037 1075 2115 paternas
1104 2031 1321 2108 traditiones.
1338 2034 1439 2118 juata
1469 2111 1472 2118 Ι

328 2159 459 2205 amnem
495 2139 736 2204 auctoritatem
767 2138 981 2224 euanqelicae
1018 2138 1294 2222 apostolicaeque
1326 2137 1440 2204 doctri·

328 2267 393 2312 naa
411 2245 471 2328 (2).

352 2387 355 2392 -
417 2351 524 2417 Prob.
543 2349 596 2416 4.⁰
626 2351 831 2418 testimonio
855 2353 1072 2438 Principum:
1095 2351 1358 2436 religiosissimi
1380 2351 1439 2416 lm·

329 2464 519 2544 penatores
547 2464 584 2525 et
612 2459 783 2525 catholici
811 2459 999 2543 Principes
1028 2460 1159 2526 nedum
1175 2456 1345 2526 arbitrati
1367 2463 1440 2523 sunt

330 2571 547 2651 potestatem
573 2566 784 2648 judicialem
814 2565 1075 2651 Episcoporum
1104 2567 1241 2631 nullam
1268 2565 1439 2648 maJestati

329 2690 417 2739 snae
434 2673 604 2756 injuriam
633 2673 813 2756 irrogare,
833 2673 898 2738 sed
916 2674 1074 2754 maxime
1103 2673 1345 2757 obsequentes
1357 2671 1439 2753 judi·
1498 2683 1499 2688 ’

330 2781 395 2847 ciis
409 2781 619 2846 Antistitum
636 2779 794 2861 luerunt3
816 2797 858 2844 en
879 2781 1056 2872 quomodo
1075 2780 1230 2846 Basilius
1247 2780 1439 2862 Imperator

330 2889 424 2954 inter
452 2888 544 2953 alios
572 2887 760 2970 Principes
790 2872 990 2952 memoratu
1020 2887 1147 2971 dignos
1176 2888 1221 2951 ad
1251 2885 1438 2952 Concilium

331 2993 609 3061 Oecumenicum
628 2993 714 3058 VIIl
732 2994 999 3078 alloquebatur:
1026 2995 1106 3061 Nan
1125 3003 1174 3060 cst
1202 2995 1321 3060 datum
1338 2995 1437 3073 laicis,

329 3109 390 3169 ant
406 3103 461 3184 iis,
480 3103 538 3186 qui
556 3103 716 3168 ciuilibus
732 3104 858 3190 officiis
875 3105 1131 3189 mancipantur,
1149 3101 1334 3169 secundum
1350 3123 1437 3168 cano·

330 3207 567 3275 eradicandi
598 3210 779 3294 quidpiam
807 3211 1000 3294 panitasda
1029 3211 1271 3276 ecciesiasticis
1302 3211 1437 3276 causis...

330 3323 620 3402 quantaecumque
638 3317 727 3381 anim
739 3317 919 3402 reliqionia
933 3325 964 3382 at
980 3317 1172 3402 sapientiae
1188 3317 1300 3382 laicus
1312 3318 1436 3390 existat,

327 3424 381 3490 aet
397 3424 533 3489 etiamsi
557 3423 719 3489 uniuersa
737 3423 863 3490 uirtute
881 3423 1027 3490 interius
1049 3425 1193 3509 polleat,
1213 3425 1319 3490 donec
1336 3425 1438 3490 laicas

330 3539 390 3615 cst,
406 3533 480 3600 ocis
497 3541 547 3599 cst
563 3533 624 3616 (3).

421 3640 496 3706 104.
544 3639 712 3705 Potestas
730 3653 954 3706 conuerrivn
971 3639 1171 3706 Ecclesiae.
1201 3641 1380 3707 Probatur
1395 3635 1437 3704 1.ο

331 3743 465 3812 Codice
487 3747 693 3832 aaanqelioa:
718 3748 788 3811 tria
818 3763 924 3811 sacra
955 3747 1099 3830 eloquia
1128 3749 1353 3831 proferemus
1382 3763 1436 3830 pro

331 3853 535 3920 evincenda
562 3853 739 3920 facultate
765 3855 933 3920 coactiva
947 3853 1146 3919 Ecclesiae:
1163 3855 1189 3940 ⁸)
1216 3855 1437 3938 Quacumque

331 4019 488 4034 -u——n-

400 4159 438 4224 (1)
473 4155 546 4240 Ibid.
559 4169 619 4225 cup.
632 4154 680 4224 Vl,
692 4171 738 4210 vv.
751 4158 763 4208 1
778 4160 807 4212 et
820 4172 897 4226 seqq.

401 4233 441 4372 gi
476 4228 658 4355 {edidisti
674 4301 740 4368 imp.
751 4302 780 4353 in
792 4299 898 4356 Condit.
911 4301 988 4369 Vlll,
999 4305 1053 4354 act.
1061 4301 1098 4370 X,
1109 4302 1185 4372 apud
1197 4301 1286 4358 Labb.
1296 4307 1360 4357 tom.
1371 4296 1435 4354 VIII.
