3146 4980
573 400 761 486 .“'409''

103 560 183 621 QUE
200 557 385 610 SOLVERIS
401 565 505 628 saper
522 551 666 626 terram,
685 545 752 610 erit
782 557 964 610 SOLUTUM
997 549 1029 607 et
1059 544 1097 608 ira
1130 543 1234 609 coelis

103 651 268 734 (ll—His
282 651 404 716 verbis
420 650 550 714 Petrus
564 651 797 714 constituitur
814 647 1091 714 fundamentum
1107 648 1233 714 Eccle-

104 759 195 839 siae,
216 775 362 842 unaque
378 758 539 840 Principi
556 758 813 839 Apostolorum
831 756 1092 838 promittuntur
1107 756 1234 820 claves

105 865 211 948 regni
229 865 413 930 coelorum
431 867 541 946 atque
558 863 751 929 Dominum
768 864 806 927 in
823 863 935 927 coelis
954 861 1151 943 ligatorum
1170 866 1235 926 aut

105 971 312 1036 soluturum
324 969 361 1035 id
375 987 480 1034 omne
498 969 595 1053 quod
612 970 690 1052 ipse
706 971 744 1034 in
760 969 869 1034 terris
896 968 1049 1051 ligasset
1078 968 1138 1032 vel
1163 968 1233 1032 sol·

107 1076 236 1158 visset;
255 1076 394 1160 quodsi
410 1077 612 1141 auotoritas
630 1075 873 1141 Romanorum
887 1075 1102 1140 Pontificum
1114 1073 1154 1138 B.
1170 1074 1235 1138 Po-

105 1183 151 1246 tri
168 1181 431 1248 Successorum
443 1200 510 1264 pro
528 1181 701 1264 regenda,
721 1180 977 1248 constituenda
995 1186 1032 1244 et
1064 1179 1236 1262 congruis

107 1288 250 1370 legibus
267 1288 462 1354 munienda
480 1288 646 1354 Ecclesia
663 1307 686 1352 a
700 1305 855 1370 corpore
872 1286 1032 1350 fidelium
1057 1285 1237 1368 penderet

107 1395 144 1458 in
158 1396 352 1477 exercitio,
365 1396 442 1475 Jam
456 1413 529 1460 non
546 1394 712 1460 Ecclesia
730 1395 920 1458 fulciretur
949 1392 1072 1472 Petra,
1091 1391 1156 1454 sed
1172 1392 1235 1454 l’e-

108 1508 183 1564 trus
217 1502 437 1566 inniteretur
469 1500 648 1582 Ecclesia,
683 1517 751 1566 nec
767 1499 943 1581 Princeps
975 1497 1236 1580 Apostolorum

109 1606 237 1672 claves
251 1608 420 1672 coelestis
436 1608 541 1689 regni
558 1607 725 1671 absolute
739 1607 933 1688 reciperet,
951 1621 1020 1668 nec
1051 1603 1150 1667 Deus
1179 1621 1236 1666 ra-

110 1723 182 1777 tam
200 1715 326 1778 statim
343 1713 496 1778 haberet
512 1714 549 1778 in
567 1714 679 1778 coelis
694 1713 912 1777 sententiam
929 1711 984 1778 sui
998 1710 1035 1773 in
1051 1711 1159 1774 terris
1177 1709 1236 1774 Vi·

111 1821 211 1903 carii,
229 1820 295 1886 sed
326 1820 452 1903 populi
484 1819 796 1884 confirmationem
825 1824 888 1882 aut
915 1817 1159 1883 irritationem
1176 1833 1236 1880 ex-

109 1932 298 2010 spectaret
314 1929 526 2015 (aedificabo,
543 1929 667 2008 claves,
680 1927 856 2013 ligaveris,
873 1927 1046 2004 solveris).

198 2037 233 2116 b)
281 2035 423 2100 Deinde
440 2035 639 2100 auctoritas
653 2033 883 2116 primatialis,
904 2050 976 2114 qua
993 2030 1156 2096 Christus
1174 2029 1237 2092 Pe-

111 2146 205 2208 trum
218 2141 371 2224 ejusque
385 2142 423 2205 in
441 2147 627 2223 posterum
644 2140 882 2205 Successorcs
900 2138 1103 2217 decoravit,
1132 2136 1238 2219 trasal-

112 2249 273 2314 lr'bt'litate
290 2253 422 2313 ornata
436 2249 516 2329 fnit,
536 2253 630 2312 teste
646 2245 681 2311 S.
701 2246 811 2310 Luca:
831 2243 1022 2310 Atlantem
1049 2232 1236 2334 Dominus:

113 2352 241 2435 Simon,
259 2354 389 2447 Simon,
403 2377 476 2422 ecee
492 2362 637 2419 satanas
649 2353 813 2438 expetivit
829 2373 889 2418 voa
906 2359 943 2416 ut
956 2352 1126 2415 cribraret
1150 2349 1240 2413 sicat

114 2464 278 2528 triticam:
294 2483 353 2548 epo
381 2469 495 2528 uatem
525 2462 645 2545 ropaoi
669 2481 738 2544 pro
763 2467 794 2524 te
822 2468 859 2525 at
877 2473 955 2524 NON
979 2469 1154 2521 Durlcrtr
1186 2468 1238 2518 Fr·

114 2580 180 2632 nus
197 2581 287 2633 TUA:
317 2576 349 2634 et
380 2576 417 2634 tr
445 2568 634 2652 aliquando
670 2586 853 2631 conversus
886 2577 1081 2630 dorsualis
1106 2564 1241 2647 fratres

115 2682 186 2742 taos
203 2675 379 2760 (El-Hoc
390 2676 428 2740 in
445 2681 547 2740 textu
560 2673 731 2739 Salvator
750 2673 982 2750 tentationeS,
1004 2671 1175 2733 haereses
1188 2674 1239 2730 at·

117 2797 183 2862 que
200 2782 426 2848 delectiones
441 2783 478 2846 in
495 2779 661 2846 Ecclesia
675 2781 721 2844 ab
738 2782 817 2861 ipso
836 2776 1029 2841 condenda
1042 2776 1121 2838 fore
1135 2791 1239 2855 praa-

117 2886 214 2970 dicit3
228 2907 331 2954 suam
348 2889 550 2953 orationem
568 2886 775 2970 pollicetur,
791 2890 830 2948 ut
842 2883 931 2948 fides
944 2882 1042 2946 Petri
1057 2897 1241 2961 nunquam

117 3010 240 3060 errore
252 2995 472 3060 labefactari
501 2999 623 3076 queat;
639 3010 781 3056 necnon
796 2991 912 3055 eidem
927 2989 1078 3069 ejusque
1093 2986 1240 3050 Succes-

116 3102 258 3167 acribus
270 3118 398 3166 munus
411 3100 668 3182 gravissimum
686 3097 879 3163 committit
904 3096 1039 3158 fratres
1070 3095 1107 3157 in
1138 3097 1242 3156 recta

117 3205 184 3273 fide
203 3213 240 3273 et
256 3206 461 3272 orthodoxa
477 3207 643 3271 doctrina
660 3203 911 3285 confirmandi3
931 3203 961 3266 si
980 3210 1102 3264 autem
1128 3217 1241 3281 popu·

118 3313 171 3379 lus
184 3315 404 3380 christianus
422 3315 658 3396 praecipuam
679 3312 875 3394 partemin
893 3310 1001 3374 rebus
1020 3307 1242 3372 ecclesiasti·

119 3420 167 3484 cis
183 3422 351 3503 haberet,
370 3420 432 3485 vel
445 3420 524 3501 eJus
541 3435 738 3483 concursus
767 3435 834 3500 pro
852 3434 960 3480 sacra
976 3412 1242 3496 gubernatione

120 3528 347 3593 necessarius
361 3526 518 3608 adesset,
538 3528 646 3608 prout
676 3529 867 3588 autumant
883 3521 1029 3604 patroni
1056 3517 1243 3600 regiminis

120 3633 366 3717 democratici,
385 3639 472 3698 tunc
488 3633 662 3698 cribratio
680 3649 745 3696 seu
771 3635 926 3694 satanae
952 3626 1106 3691 tentatio
1139 3641 1244 3706 prae·

121 3745 273 3823 valeret,
294 3741 385 3806 fides
417 3741 516 3805 Petri
549 3739 705 3803 deiicere
733 3743 871 3821 posset,
897 3740 934 3799 et
962 3732 1089 3798 ordine
1118 3731 1242 3795 divino

120 3865 266 3928 prorsus
282 3849 484 3928 immutato,
514 3847 648 3910 iratres
680 3844 862 3909 Romanos
891 3839 1084 3905 Pontifices
1110 3833 1245 3901 Christi

121 4099 304 4112 *u——un

187 4231 223 4295 (ll
260 4225 621 4300 Gap.xvr,vv.reet1a

188 4305 225 4370 (²)
260 4300 330 4371 Oap.
343 4299 410 4368 XX,
420 4315 466 4353 vv.
476 4299 508 4349 tl
524 4301 554 4350 et
561 4295 604 4349 3².
