3120 4988
581 430 737 490 ,59-

116 573 256 658 rendae,
286 576 390 657 quus
415 575 536 641 officia
567 575 747 644 hominem
776 573 853 639 Deo
885 574 1129 659 conjungunt,
1157 575 1218 656 (1),

194 684 309 750 Tertia
325 684 436 766 igitur
452 683 664 766 hypothesis
682 700 776 765 quae
791 682 1126 747 subordinationem
1143 681 1220 746 Sta-

116 797 162 855 tus
173 789 216 854 ad
232 789 435 856 Ecclesiam
452 789 608 855 adstruit
632 789 776 854 ratione
795 789 875 854 finis
888 789 1168 872 praestantioris
1185 793 1221 854 et

117 897 277 980 altissimi,
296 899 367 981 qub
380 897 472 962 haec
485 897 639 980 populos
652 896 889 978 hominesque
909 895 1019 975 ducit,
1038 895 1076 960 in
1088 896 1220 980 princi·

117 1005 198 1086 pium
228 1005 481 1070 inconcussum
515 1003 663 1069 devenit
694 1005 804 1086 atque
840 1003 970 1068 thesim
1003 1002 1221 1068 catholicam

118 1113 298 1194 constituit,
315 1131 423 1196 quam
439 1110 757 1177 demonstrandam
772 1110 1003 1175 intendimus.

190 1219 241 1283 38.
289 1219 558 1284 Tertia'l'hesis
587 1236 651 1284 seu
684 1218 900 1302 principium
933 1218 1219 1284 fundamentale:

115 1324 254 1391 Ecclesia
271 1327 472 1412 majoritate
489 1334 550 1391 aut
559 1328 720 1412 primatu
737 1325 986 1392 insacietatem
1017 1327 1151 1393 civilem
1168 1329 1220 1408 ia·

114 1432 209 1498 ridica
220 1433 327 1518 pollet
350 1435 486 1500 ratione
495 1435 590 1521 fiais,
608 1434 750 1518 idccqac
766 1432 887 1498 Statua
910 1434 965 1498 illi
982 1434 1150 1500 indirecte
1164 1457 1219 1500 sa·

114 1540 314 1607 hordiaatar.
330 1540 457 1606 'Phasis
474 1541 669 1606 enunciata
702 1540 837 1623 duplici
869 1545 973 1624 parte
1002 1547 1157 1606 constat:
1184 1543 1221 1607 in

114 1647 218 1728 prima
233 1649 353 1731 agitur
370 1648 416 1713 de
434 1649 591 1713 veritate
607 1657 643 1713 et
657 1649 862 1732 quantitate
875 1649 1142 1728 superior-itatis
1156 1648 1220 1714 Ec·

114 1752 245 1836 clasiae,
260 1755 327 1820 hoc
342 1765 409 1837 est,
430 1755 617 1838 quaeritur
635 1755 788 1838 primum
806 1762 920 1818 utrum
936 1753 1102 1842 Ecclesia
1117 1771 1219 1820 reve·

113 1860 202 1923 rasit
216 1861 328 1943 major
344 1879 434 1943 prae
447 1860 624 1926 societate
641 1861 753 1942 civili,
774 1870 810 1924 et
828 1878 1014 1943 quousque
1042 1877 1081 1924 se
1096 1873 1218 1925 exten·

114 1963 169 2027 dat
180 1965 377 2048 hujusmodi
390 1968 581 2050 primatus;
596 1967 673 2049 jam
691 1986 780 2032 vero
798 1967 916 2050 prima
942 1985 1028 2049 pars
1047 1967 1093 2030 ad
1125 1967 1221 2033 hanc

113 2071 276 2155 duplicem
294 2077 546 2158 quaestionem
561 2075 759 2158 respondet
790 2075 1010 2141 adstruendo
1035 2081 1220 2158 tamquam

109 2169 285 2258 juridicum
307 2183 524 2264 principium
542 2181 729 2248 Ecclesiae
747 2183 1041 2265 superioritatem
1073 2185 1218 2270 mojori·

113 2293 170 2352 tute
192 2298 249 2356 out
257 2292 418 2376 primata
431 2291 468 2356 ia
485 2291 680 2357 societatem
696 2293 831 2358 civilem
848 2293 1006 2378 juridice
1023 2293 1145 2378 pallet,
1175 2292 1220 2357 si·

113 2395 241 2479 mulque
257 2381 426 2462 eamdem
440 2399 735 2480 superioritatem
749 2398 1056 2482 restringendoad
1069 2417 1113 2464 ea
1127 2417 1220 2482 quae

113 2517 180 2567 cum
196 2504 264 2568 fine
281 2505 408 2570 ultimo
424 2509 533 2589 atque
548 2507 820 2588 supernaturali
837 2510 1101 2572 connectuntur
1114 2510 1218 2574 ratio·

112 2627 145 2672 ac
156 2610 242 2695 fiais,
257 2611 461 2693 cujusmodi
478 2618 561 2677 sunt
575 2630 634 2677 res
652 2631 776 2678 omnes
791 2631 885 2696 quae
899 2614 945 2678 ad
958 2615 1219 2679 conscientiam

112 2721 275 2801 spectant,
295 2723 333 2783 et
350 2719 460 2783 etiam
481 2720 704 2803 temporales
725 2725 904 2803 quatenus
936 2720 1150 2803 religionem
1166 2738 1220 2785 re·

112 2823 262 2908 spiciunt,
272 2825 358 2909 quia
375 2827 496 2891 omnia
514 2845 608 2910 quae
621 2827 683 2892 vel
696 2827 742 2892 ad
756 2828 1015 2892 conscientiam
1033 2829 1093 2892 vel
1107 2828 1153 2892 ad
1165 2845 1220 2892 re·

112 2927 502 3016 ligionemreieruntur,
534 2934 705 3000 adfinem
736 2935 1064 3018 supernaturalem,
1093 2935 1220 3000 videli-

114 3041 171 3119 oet,
188 3039 232 3105 ad
247 3041 363 3106 vitam
381 3043 569 3106 aeternam
583 3042 746 3106 ordinem
764 3033 911 3107 habent.

187 3145 228 3212 In
255 3148 418 3214 secunda
447 3149 706 3232 propositionis
738 3152 844 3232 parte
878 3149 1067 3215 disseritur
1085 3150 1129 3215 de
1158 3170 1220 3215 na·

113 3254 182 3317 tura
197 3258 231 3319 et
247 3256 425 3340 qualitate
442 3257 634 3338 potestatis
652 3255 842 3321 Ecclesiae
856 3257 892 3321 in
911 3255 1063 3339 Statum,
1081 3257 1117 3321 id
1151 3263 1217 3341 est,

112 3357 288 3442 inquiritur
301 3363 467 3446 quisnam
480 3365 517 3427 et
533 3363 652 3446 qualis
680 3364 858 3446 primatus
873 3363 1062 3429 Ecclesiae
1076 3381 1219 3447 compe-

113 3469 157 3530 tat
170 3485 253 3551 prac
269 3470 446 3535 socictate
463 3470 575 3552 civili,
595 3488 665 3555 quo
683 3489 791 3537 sensu
809 3475 845 3536 et
860 3471 989 3554 quibus
1002 3472 1217 3537 conditioni·

113 3571 167 3638 bus
182 3575 343 3644 Ecclesia
360 3579 541 3660 potestate
558 3579 738 3661 superiori
755 3579 915 3662 gaudeat
941 3579 979 3643 in
1007 3578 1161 3644 Statum:
1182 3585 1218 3645 et

113 3679 151 3744 ad
164 3683 333 3766 ejusmodi
351 3685 601 3768 quaestionem
629 3685 892 3752 enucleandam
923 3685 1068 3752 additur
1085 3687 1123 3752 in
1141 3687 1217 3752 the-

113 3787 138 3850 si
149 3789 280 3877 ideoque
296 3791 419 3859 Statua
434 3792 489 3858 itta·
505 3793 673 3859 indirecte
689 3795 953 3875 subordinatur,
970 3793 1098 3876 quibus
1131 3814 1210 3860 ver-

113 3891 158 3959 bis
173 3896 360 3966 denotatur
376 3903 607 3982 potestatem,
624 3900 669 3965 de
686 3918 759 3983 qua
771 3901 964 3984 loquimur,
984 3918 1057 3965 non
1071 3919 1151 3966 esse
1167 3902 1216 3966 di-

113 4007 245 4090 rectam,
258 4007 497 4092 temporalem
512 4013 548 4073 et
565 4009 781 4092 absolutam,
801 4009 865 4074 sed
882 4008 1113 4093 indirectam,
1147 4010 1217 4093 spi-

114 4106 263 4180 ritualem
280 4117 317 4180 et
333 4115 627 4182 conditionalem.
641 4115 706 4181 His
724 4115 948 4199 praemissis,
964 4116 1011 4181 ad
1029 4120 1218 4201 utramque

116 4261 280 4282 *κὴ-ιιι

174 4371 206 4436 tl)
242 4372 355 4440 Encycl.
369 4369 528 4428 Immortalis
546 4371 610 4430 Dei.
