3120 4988
574 449 728 505 μω..

108 593 213 658 latire
241 592 485 658 subordinatis
516 591 696 657 indirecta
712 591 834 658 Status
860 594 966 659 nocio
992 595 1049 659 vel
1077 595 1215 660 inutilis

107 701 172 767 dici
189 701 317 784 nequit:
332 718 404 765 non
420 701 541 781 nocio,
561 701 646 782 quia
672 700 838 765 Ecclesia
867 717 933 764 sua
958 701 1215 783 superioritate

107 809 381 872 utitursalutare
415 806 636 889 praesidium
666 825 731 889 pro
764 806 992 870 assecutione
1026 806 1214 872 felicitatis
1244 845 1247 851 ·

107 915 302 997 temporalis
313 914 430 980 Statui
444 914 860 997 praestando,illumque
874 914 911 978 in
924 931 987 977 suo
1002 913 1213 997 ordineper·

107 1022 259 1104 ticiando;
278 1022 341 1087 sed
370 1039 451 1086 cum
468 1021 682 1105 societatem
717 1021 903 1103 politicam
937 1021 1089 1103 adjuvat
1105 1026 1214 1106 atque

107 1129 249 1212 perficit,
262 1129 329 1193 hoc
346 1127 699 1211 praestantissimum
718 1146 808 1210 opus
822 1121 1052 1211 prosequitur
1076 1129 1213 1213 absque

107 1237 324 1319 depressione
340 1235 523 1300 libertatis
543 1235 603 1298 vel
618 1234 781 1300 laesione
793 1235 928 1315 jurium
942 1253 1035 1318 quae
1048 1236 1102 1300 illi
1119 1254 1212 1302 com-

107 1350 234 1425 petunt:
252 1346 322 1408 non
334 1344 483 1424 inutilis,
504 1340 796 1425 quandoquidem
826 1342 1048 1424 imperantes
1058 1343 1163 1408 simul
1178 1347 1214 1408 et

106 1449 254 1514 subditos
271 1448 480 1514 moderatur
497 1465 562 1530 pro
577 1447 708 1512 mutuis
722 1447 851 1512 officiis
869 1449 937 1513 rite
955 1450 1210 1533 exsequendis,

106 1555 313 1638 protegendo
332 1555 516 1640 principes
542 1554 721 1619 adversus
738 1555 957 1620 rebelliones
975 1555 1210 1642 subditorum,

108 1671 140 1726 ct
152 1664 292 1748 populos
310 1663 488 1729 adversus
503 1679 675 1727 excessus
694 1665 885 1744 potestatis
901 1663 1032 1730 civilis.

513 1874 784 1944 Onsncrrouns.

183 2075 232 2140 41.
279 2075 523 2140 Difficultates
556 2092 651 2158 quae
684 2079 811 2140 contra
844 2076 972 2141 thesim
1008 2076 1211 2158 expositam

109 2184 225 2262 passim
250 2183 468 2265 objiciuntur
487 2182 560 2261 peti
595 2183 715 2248 solent
750 2199 795 2247 ex
830 2185 1048 2264 auctoritate,
1066 2184 1210 2266 ratione,

108 2289 246 2372 littorio,
260 2292 475 2378 lapidatione
492 2294 603 2373 atque
620 2292 788 2358 conciliis:
801 2292 963 2374 singulas
980 2308 1142 2356 seorsum
1158 2298 1209 2356 at·

109 2413 166 2478 quo
176 2399 337 2463 ordinate
353 2397 547 2463 solvemus.

182 2504 320 2589 Object.
342 2504 393 2570 tf*
410 2523 455 2570 ex
472 2506 678 2571 auctoritate
696 2505 897 2590 desumpta.
916 2504 951 2570 S.
970 2505 1130 2570 Isidorus
1147 2507 1210 2571 Pe-

109 2611 221 2678 lusiota
238 2615 301 2679 ait:
319 2614 512 2678 Ecclesiam
530 2634 600 2678 esse
617 2614 652 2678 iu
668 2634 771 2700 repud
790 2616 848 2697 (1),
865 2631 911 2678 ex
945 2631 1014 2696 quo
1048 2613 1211 2696 sequitur

108 2735 173 2784 eam
185 2722 303 2804 aliquo
318 2722 449 2786 saltem
465 2721 531 2785 sub
549 2726 717 2803 respectu
744 2739 824 2786 esse
857 2738 969 2804 regno
1000 2721 1210 2786 inferiorem

109 2826 342 2910 eiquesaltem
369 2827 548 2892 indirecte
579 2828 866 2909 subordinatam,
896 2831 1074 2911 quatenus
1103 2828 1210 2910 juris·

108 2931 246 3000 dictione
258 2936 363 3018 regni
377 2935 496 3000 dirimi
509 2935 666 3000 debeant
683 2937 958 3001 controversiae
973 2953 1099 3001 omnes
1115 2935 1209 3000 inter

108 3037 289 3107 Ecclesiam
306 3047 342 3108 et
359 3041 498 3108 Statum
517 3044 680 3108 obortae.

179 3151 283 3236 Resp.
303 3151 339 3216 S.
359 3150 519 3217 Isidorus
536 3153 573 3215 in
589 3152 669 3216 loco
688 3152 812 3234 citato,
845 3153 895 3217 uti
924 3170 970 3218 ex
1004 3150 1209 3216 testimonio

108 3253 228 3340 integro
247 3259 432 3341 colligitur
449 3259 510 3342 (2),
529 3257 731 3322 Ecclesiam
749 3261 892 3323 animae
911 3264 948 3324 et
964 3276 1116 3341 regnum
1133 3276 1208 3323 cor-

108 3365 173 3442 pori
190 3372 388 3449 comparat,
407 3366 561 3449 ideoque
579 3366 709 3431 asserit
725 3367 926 3431 Ecclesiam
944 3385 1024 3432 esse
1042 3367 1078 3431 in
1097 3384 1209 3449 regno

107 3469 185 3534 sicut
201 3474 320 3537 anima
337 3473 372 3536 in
387 3490 552 3556 corpore;
572 3472 636 3536 sed
668 3472 752 3538 hinc
780 3491 852 3537 non
883 3473 1087 3555 deducitur,
1102 3474 1211 3554 juxta

107 3573 369 3645 Protestantium
387 3584 424 3644 et
435 3580 456 3645 J
460 3583 740 3646 anscnianorum
754 3583 941 3666 placitum,
958 3581 1207 3647 subordinatio

108 3685 158 3748 vel
168 3685 405 3770 dependentia
420 3687 578 3769 juridica
595 3689 795 3771 Ecclesiae,
812 3691 898 3774 quin
928 3690 1048 3772 potius
1082 3692 1210 3771 aperte

109 3793 227 3859 eruitur
239 3795 399 3877 ejusdem
414 3797 704 3878 praeeminentia
717 3800 753 3861 et
768 3798 943 3880 primatus
952 3813 1041 3880 prae
1058 3796 1210 3860 societa-

109 3903 138 3959 te
152 3899 242 3967 civili
259 3903 318 3967 vel
336 3919 463 3984 regno,
487 3903 589 3968 velut
605 3921 736 3987 corpus
754 3921 800 3969 ex
831 3904 952 3968 anima
984 3903 1131 3987 pendet,
1164 3902 1209 3965 ab

110 4019 207 4090 eaque
222 4012 358 4094 regitur
376 4029 420 4074 ac
439 4011 658 4076 moderatur.

109 4153 246 4168 ''²‘···—·—-—--

166 4285 201 4353 (i)
237 4287 297 4340 Lib.
308 4285 360 4352 111,
374 4289 457 4355 epist.
472 4287 532 4339 tls.

168 4359 202 4422 (2)
236 4357 317 4412 Corui.
331 4364 383 4413 art.
398 4359 433 4427 11,
446 4375 524 4412 num.
539 4361 581 4411 26.
671 4363 674 4370 '
