3146 4980
745 374 922 434 ..456-

361 519 415 584 3.⁰
461 519 659 600 Postremo,
678 518 845 583 doctrine
862 516 1202 600 deindependentis
1230 515 1400 597 prsctIcs

273 628 395 692 Status
423 645 445 690 n
475 625 714 691 Liberalismo
747 624 928 690 catholico
957 627 1162 688 sustentate
1189 622 1401 688 novIssimis

274 733 497 816 temporibus
514 732 687 814 explicite
705 731 810 813 alias,
829 731 1005 812 impiicIte
1020 730 1111 794 elias
1131 731 1308 809 damnata,
1326 733 1398 793 est:

274 843 303 918 a)
322 839 485 922 pluribus
501 838 641 920 Syllabi
659 837 980 919 propositionibus,
999 837 1216 920 praesertim
1229 853 1316 900 vero
1342 852 1398 900 se-

275 947 479 1028 quentibus:
519 943 857 1010 LXXVII-Aetate
895 943 959 1008 ltac
990 951 1109 1008 nostra
1144 963 1212 1008 non
1247 942 1401 1026 amplius

274 1055 423 1138 capedit,
442 1053 653 1137 Relipionem
671 1052 874 1117 catholicam
906 1051 1025 1118 baberi
1057 1059 1233 1135 tamquam
1260 1051 1402 1114 unicam

274 1159 393 1223 Status
410 1159 619 1242 relipt'onem,
634 1159 779 1222 caeteris
793 1159 1056 1242 quibuscumque
1074 1157 1221 1222 crdtibus
1235 1157 1401 1238 occlusis·

275 1263 600 1330 LXXVIII—Hinc
631 1263 858 1329 laudabiliter
874 1265 911 1329 in
927 1265 1131 1348 quibusdam
1148 1263 1309 1328 catholici
1340 1283 1402 1326 no-

274 1373 378 1436 minis
395 1372 589 1456 ropionibus
602 1371 672 1456 lepe
690 1378 828 1435 cautum
845 1377 904 1452 est,
921 1377 957 1434 ut
973 1369 1167 1436 bominibus
1179 1371 1264 1436 illuc
1287 1370 1400 1434 immi·

273 1479 453 1562 prantibus
468 1478 572 1542 liceat
581 1477 757 1560 publicum
769 1477 913 1561 proprii
929 1479 1092 1562 cujusque
1124 1477 1236 1542 cultus
1267 1477 1401 1542 excerci-

276 1587 360 1648 tium
406 1583 544 1664 trabere·
576 1581 982 1648 LXXIX-Enimuero
1010 1584 1142 1667 falsum
1171 1590 1233 1664 est,
1266 1583 1404 1648 ciodem

275 1693 438 1774 cujusque
478 1691 590 1754 cultus
627 1691 831 1770 libertatem,
861 1691 1008 1774 itemque
1032 1689 1175 1774 plenam
1194 1697 1405 1774 potestatem

275 1799 430 1863 omnibns
446 1799 648 1862 attributam
667 1797 835 1880 quaslibet
847 1798 1025 1880 opiniones
1038 1798 1326 1883 capitationesque
1335 1817 1406 1880 pa·

274 1905 344 1968 lam
375 1903 578 1987 publiceque
603 1903 863 1988 manifestandi,
892 1903 1079 1968 conducere
1111 1903 1158 1968 ad
1188 1904 1407 1988 populorum

275 2029 386 2074 mores
403 2012 601 2094 animosque
615 2010 761 2095 facilius
779 2009 1047 2093 corrumpendas
1060 2029 1101 2074 ac
1113 2011 1408 2094 indifferentismi

271 2125 402 2200 pestem
411 2119 693 2202 propemodum,
721 2116 1082 2182 LXXX-Romanus
1098 2117 1264 2202 Pontifear
1287 2125 1408 2202 potest

276 2247 316 2290 ac
329 2226 512 2290 debetcum
525 2244 724 2309 propressu,
743 2245 819 2288 cum
835 2225 1047 2290 iiberalismo
1060 2231 1091 2289 et
1108 2245 1182 2288 cnm
1196 2227 1325 2290 recenti
1356 2226 1405 2288 ci·

276 2333 410 2396 uilitate
426 2352 498 2396 sese
510 2333 735 2396 reconciliare
752 2339 784 2396 et
800 2350 1012 2416 componere;
1028 2329 1055 2414 bJ
1072 2351 1095 2396 n
1107 2331 1271 2397 Concilio
1304 2330 1406 2396 Vati-

277 2454 369 2500 oeno
399 2435 663 2502 Constitutione
707 2437 925 2518 Dogmutice
969 2439 1023 2502 De
1061 2438 1150 2504 Fide
1181 2439 1251 2503 Dei
1289 2439 1408 2504 Filius

277 2543 328 2605 ita
341 2542 594 2608 concludente:
618 2543 787 2620 Quoniam
804 2563 884 2610 vero
900 2547 989 2610 satir
1020 2567 1089 2611 non
1115 2553 1165 2610 est
1194 2545 1409 2610 haereticam

271 2652 484 2734 pravitatem
498 2651 663 2732 devitarc,
681 2651 750 2714 nisi
763 2651 790 2714 ii
819 2671 948 2734 quoque
976 2671 1114 2717 errores
1137 2651 1321 2737 dilipenter
1346 2651 1405 2734 fn·

276 2760 429 2841 piantur,
448 2760 506 2841 qui
518 2759 565 2823 ad
580 2759 677 2822 illam
692 2759 775 2840 plus
792 2759 945 2822 minusue
961 2760 1142 2839 accedunt·
1155 2779 1271 2824 omnes
1296 2759 1409 2842 officii

276 2887 449 2930 monemus
465 2867 628 2930 seruandi
647 2867 751 2930 etiam
766 2864 1045 2947 Constitutiones,
1062 2873 1095 2930 et
1108 2867 1268 2944 Decreta,
1282 2865 1411 2948 quibem

278 2971 446 3057 ejusmodi
463 2973 650 3055 opiniones,
669 2991 754 3054 qrcae
767 2971 868 3036 istltic
886 2973 1031 3036 disserte
1048 2993 1116 3037 non
1145 2977 1406 3052 enumerantur,

279 3081 319 3140 ab
336 3079 399 3143 ltac
426 3077 555 3144 Sancta
584 3077 670 3148 Sede
697 3081 920 3162 proscriptae
951 3087 982 3144 et
1008 3080 1204 3166 prohibitae
1232 3085 1326 3158 sunt,·
1343 3084 1412 3157 “ia

278 3185 399 3248 Leone
416 3184 517 3266 XIII,
537 3186 652 3267 quiin
680 3185 789 3248 toties
822 3185 971 3249 laudata
1004 3184 1203 3267 Encyciics
1231 3185 1408 3266 Libertas,
1431 3245 1435 3250 .

279 3297 470 3373 postquam
487 3307 648 3356 errorem
679 3291 909 3356 Liberalismi
944 3291 1115 3356 catholici
1148 3291 1249 3355 bisce
1281 3290 1409 3354 verbis

277 3399 509 3462 insinuasset:
530 3398 633 3462 Multi
647 3397 791 3480 dentque
807 3399 860 3461 rei
877 3418 999 3464 sacrae
1032 3421 1054 3462 a
1082 3418 1119 3462 re
1151 3398 1249 3463 ciuili
1278 3397 1409 3462 distra-

278 3507 420 3570 ctionem
438 3507 554 3584 (error
568 3503 796 3567 Liberalismi
815 3505 1006 3582 moderati)
1020 3525 1088 3572 non
1099 3505 1268 3589 probant:
1281 3504 1341 3568 sed
1355 3510 1409 3568 ta·

279 3631 354 3674 men
367 3610 568 3695 faciendum
581 3617 725 3690 censent,
743 3617 780 3673 ut
796 3609 955 3676 Ecclesia
971 3613 1179 3696 obsequatur
1192 3611 1351 3694 tempori,
1376 3617 1412 3675 et

276 3717 390 3799 flectat
405 3737 442 3781 se
457 3724 557 3800 atque
570 3717 799 3782 accommodet
813 3717 860 3781 ad
873 3737 926 3797 ea,
946 3737 1032 3801 quae
1050 3719 1087 3783 in
1112 3717 1412 3784 administrandis

279 3823 436 3905 imperiis
451 3822 619 3888 hodierna
627 3823 818 3906 prudentia
835 3823 1021 3905 desiderat,
1038 3823 1171 3890 falsum
1183 3839 1412 3905 consequen·

280 3927 379 4006 tiam,
399 3945 508 4008 quem
524 3929 620 3992 forte
647 3945 694 3992 ex
711 3929 766 3992 bis
782 3929 904 3993 verbis
921 3929 1103 3996 deducere
1117 3937 1267 4011 possent
1282 3928 1410 3994 catho-

279 4031 526 4098 lici-liberales
544 4053 609 4116 pro
627 4053 693 4099 sun
709 4037 902 4117 sententie,
916 4037 1060 4118 penitus
1078 4037 1221 4118 reJecit,
1256 4035 1411 4102 Libere-

281 4135 422 4200 lismum
441 4140 658 4205 catholicum
675 4143 728 4205 itu
754 4141 872 4206 denuo
898 4143 1111 4224 reprobans:
1153 4143 1279 4209 Verum
1308 4163 1410 4208 secus

281 4249 329 4306 est
346 4243 388 4308 de
399 4245 498 4310 rebus
514 4267 554 4312 ac
572 4249 751 4332 doctrinis,
771 4269 856 4332 quas
874 4251 1060 4316 demutatio
1079 4271 1211 4317 morum
1227 4271 1270 4315 ac
1285 4249 1413 4336 fallace
