3034 4990
760 365 938 424 ...332-

378 509 481 576 Nunc
494 527 597 592 vero,
610 509 828 592 praehabita
841 508 911 572 hac
927 506 1220 587 classilicationo,
1232 503 1426 587 juridicus

290 617 478 682 Ecclesiae
490 632 572 680 oum
587 633 805 699 unaquaque
821 615 998 680 societate
1015 614 1213 680 relationes
1237 611 1425 676 brevissi·

290 742 347 790 me
365 724 639 790 delineabimus.

380 829 456 894 207.
504 830 714 894 Relationes
732 845 812 894 oum
829 828 1005 894 societate
1023 825 1222 890 christiana
1246 823 1423 889 acatholi-

290 958 332 1002 ca
348 936 508 1018 spectari
525 939 677 1017 possunt
684 935 842 1022 juridica
859 934 920 998 vel
927 935 1097 1017 practica
1103 931 1262 1018 juridice
1277 935 1332 994 est
1348 928 1422 992 ab·

291 1042 409 1107 solute
426 1041 620 1124 loquendo,
635 1039 801 1105 Ecclesia
829 1040 993 1103 omnibus
1021 1037 1163 1119 juribus
1194 1037 1268 1100 suis
1299 1033 1424 1117 pollet

292 1165 381 1232 erga
408 1147 548 1212 Statum
563 1147 820 1228 acatholicum,
853 1163 933 1211 oum
967 1145 1085 1210 adhuc
1108 1143 1329 1209 christianus
1353 1142 1418 1221 sit,

291 1271 396 1318 secus
414 1255 506 1318 enim
523 1254 600 1335 ejus
618 1253 774 1318 delectio
792 1271 814 1316 a
830 1269 920 1317 vera
938 1250 1007 1316 ilde
1023 1257 1059 1316 et
1084 1249 1261 1314 adversus
1288 1247 1418 1312 Eccle-

292 1361 383 1425 siam
401 1359 625 1426 catholicam
645 1360 796 1424 rebellio
814 1365 851 1424 et
867 1357 1092 1423 commodum
1110 1357 1310 1439 positivum
1338 1351 1420 1419 Sta-

293 1467 345 1532 tui
363 1468 584 1549 praeberent
597 1484 678 1531 eum
695 1484 718 1530 a
734 1465 807 1530 suis
825 1465 996 1530 oneribus
1012 1469 1050 1530 at
1076 1462 1256 1545 religiosis
1285 1461 1419 1527 officiis

293 1571 497 1654 eximendo,
524 1577 560 1636 et
593 1589 720 1636 verum
752 1575 1005 1636 nocumentum
1036 1568 1225 1634 Ecclesiae
1237 1567 1423 1632 afferrent

293 1677 406 1760 ipsius
419 1679 505 1758 jnra
522 1677 729 1759 minuendo;
748 1685 937 1760 utrumque
954 1681 1075 1742 autem
1093 1681 1218 1740 rectae
1232 1675 1371 1740 rationi
1385 1680 1424 1738 et

294 1800 491 1865 expressae
508 1783 633 1850 Divini
653 1784 875 1850 institutoris
899 1784 1080 1849 voluntati
1106 1791 1236 1865 aperta
1253 1783 1422 1864 refraga-

294 1897 364 1955 tur:
385 1889 479 1954 unde
498 1891 698 1973 perduellio
725 1895 836 1973 atque
866 1889 1115 1956 inobedientia
1149 1904 1350 1972 pravorum
1383 1893 1423 1951 et

295 1997 543 2080 pervicacium
562 1997 730 2079 tiliorum,
750 1998 830 2063 loco
863 1997 1098 2064 imminuendi
1127 2001 1188 2060 aut
1218 1996 1423 2077 infringen-

295 2103 329 2168 di
348 2120 554 2185 supremam
570 2101 757 2169 Ecclesiae
775 2105 1044 2186 auctoritatem,
1059 2102 1155 2184 hanc
1172 2101 1294 2183 potius
1308 2100 1420 2166 adau-

295 2213 357 2291 get
373 2217 410 2272 et
427 2210 587 2290 roborat,
607 2210 782 2292 siquidem
801 2209 870 2273 hac
887 2209 1080 2275 occasione
1093 2207 1423 2288 Ecclesiatriplice

296 2332 363 2378 sua
378 2318 562 2395 potestate
582 2315 705 2395 utitur;
720 2316 877 2400 legifera,
896 2333 1013 2379 novas
1031 2316 1132 2396 leges
1150 2312 1341 2378 condendo
1354 2329 1422 2394 pro

298 2419 436 2483 unitate
453 2419 536 2484 ildei
553 2424 590 2484 et
607 2419 795 2485 charitatis
815 2419 1049 2500 adstruenda,
1059 2419 1243 2505 judiciati,
1278 2425 1423 2482 senten·

298 2525 385 2588 tiam
399 2523 641 2590 damnationis
659 2531 789 2590 contra
803 2525 983 2592 haeresim
1001 2534 1064 2592 aut
1076 2526 1235 2590 schisma
1252 2521 1420 2603 ferend03

297 2631 493 2712 6661611166,
512 2632 668 2696 rebelles
681 2638 718 2696 et
734 2631 950 2698 dissidentes
969 2631 1096 2715 poenis
1109 2630 1333 2696 salutaribus
1358 2646 1421 2710 pu·

297 2736 442 2817 niendo,
462 2743 499 2800 ut
515 2737 597 2802 illos
615 2737 662 2802 ad
677 2739 845 2803 veritatis
863 2740 1087 2820 agnitionem
1104 2737 1227 2802 trahat
1244 2741 1282 2801 et
1307 2737 1345 2802 in
1376 2735 1421 2800 si-

298 2859 382 2906 num
400 2860 503 2907 suum
520 2843 683 2908 reducat.

389 2949 544 3014 lboctioe
562 2956 682 3014 autom
695 2967 758 3014 seu
772 2949 817 3014 de
829 2951 929 3015 facto
943 2951 1079 3032 triplex
1092 2949 1258 3034 quaestio
1279 2949 1422 3014 solven-

299 3052 346 3117 da
362 3054 588 3135 proponitur:
605 3055 657 3120 1.·
669 3072 717 3120 au
730 3054 852 3120 Status
865 3057 1062 3122 acatholici
1072 3057 1215 3139 legibus
1232 3055 1421 3120 Ecclesiae

299 3157 550 3240 subjiciantur,
568 3159 621 3224 2.²
637 3177 816 3243 quaenam
828 3163 901 3226 sint
913 3163 999 3243 jura
1017 3161 1207 3226 Ecclesiae
1223 3177 1338 3242 supra
1355 3159 1420 3224 has

299 3262 507 3345 societates,
536 3271 573 3329 et
600 3265 721 3330 officia
747 3267 958 3334 earumdem
985 3284 1075 3350 erga
1115 3267 1334 3346 Ecclesiam,
1369 3264 1422 3330 3?

301 3374 418 3434 utrum
435 3369 600 3436 Ecclesia
612 3391 635 3435 a
650 3370 752 3437 Statu
768 3374 903 3455 officia,
917 3391 1012 3456 quae
1024 3375 1071 3440 ad
1086 3374 1257 3440 homiaem
1271 3390 1337 3438 seu
1343 3373 1423 3455 jux·

301 3481 339 3538 ta
356 3475 436 3556 ipsa
452 3477 637 3542 societatis
655 3478 882 3544 acatholicae
899 3481 1082 3566 principia
1111 3479 1362 3564 appellantur,
1386 3478 1423 3544 ui

301 3582 463 3648 adhibita
482 3590 607 3665 petere
626 3591 689 3650 aut
705 3588 854 3668 exigere
872 3589 999 3670 possit.
1089 3625 1092 3636 ·

390 3691 444 3756 De
458 3694 574 3775 prima
590 3695 803 3775 quaestione
817 3697 1056 3762 communiter
1074 3691 1308 3760 statuendum
1326 3692 1421 3758 vide-

301 3799 359 3859 tur
372 3795 586 3880 Ecclesiam,
600 3816 683 3863 cum
699 3799 743 3864 de
760 3799 993 3866 heterodoxis
1027 3799 1161 3882 agitur,
1195 3817 1267 3864 non
1294 3811 1423 3879 cogere

302 3899 349 3964 ad
366 3899 638 3969 observantiam
651 3921 776 3972 aarum
790 3907 922 3990 legum,
936 3924 1033 3990 quas
1044 3906 1220 3990 primario
1238 3909 1276 3970 et
1291 3904 1423 3970 directe

303 4003 350 4068 ad
365 4010 690 4076 sanctificationem
707 4011 969 4078 individualem
981 4014 1206 4094 referuntur,
1221 4026 1312 4094 puta
1328 4010 1423 4092 logos

303 4110 348 4174 da
362 4111 514 4195 jejunio,
533 4117 617 4198 quie
633 4118 878 4198 praesumitur
906 4119 1111 4184 Ecclesiam
1140 4119 1241 4184 nolle
1272 4116 1423 4184 haereti-

305 4233 367 4280 cos
381 4218 441 4282 vel
456 4237 699 4304 quoscumque
717 4224 808 4300 alios
825 4225 1043 4292 dissidentes
1060 4231 1167 4292 natos
1187 4231 1224 4292 et
1256 4226 1424 4296 educatos
