<?xml version="1.0" encoding="UTF-8"?>
<!DOCTYPE html PUBLIC "-//W3C//DTD XHTML 1.0 Transitional//EN"
    "http://www.w3.org/TR/xhtml1/DTD/xhtml1-transitional.dtd">
<html xmlns="http://www.w3.org/1999/xhtml" xml:lang="en" lang="en">
 <head>
  <title>
</title>
<meta http-equiv="Content-Type" content="text/html;charset=utf-8" />
  <meta name='ocr-system' content='tesseract 3.04.00' />
  <meta name='ocr-capabilities' content='ocr_page ocr_carea ocr_par ocr_line ocrx_word'/>
</head>
<body>
  <div class='ocr_page' id='page_1' title='image "./juspublicumeccl01ferngoog_0379.png"; bbox 0 0 3034 4990; ppageno 0'>
   <div class='ocr_carea' id='block_1_1' title="bbox 750 317 929 377">
    <p class='ocr_par' dir='ltr' id='par_1_1' title="bbox 750 317 929 377">
     <span class='ocr_line' id='line_1_1' title="bbox 750 317 929 377; baseline 0.006 -15"><span class='ocrx_word' id='word_1_1' title='bbox 750 317 929 377; x_wconf 69' lang='lat'>„350-</span> 
     </span>
    </p>
   </div>
   <div class='ocr_carea' id='block_1_2' title="bbox 279 459 1397 1184">
    <p class='ocr_par' dir='ltr' id='par_1_2' title="bbox 279 459 1397 1184">
     <span class='ocr_line' id='line_1_2' title="bbox 279 459 1397 543; baseline 0 -16"><span class='ocrx_word' id='word_1_2' title='bbox 279 466 352 528; x_wconf 87' lang='lat' dir='ltr'><strong>tam</strong></span> <span class='ocrx_word' id='word_1_3' title='bbox 364 479 445 527; x_wconf 88' lang='lat' dir='ltr'><strong>esse</strong></span> <span class='ocrx_word' id='word_1_4' title='bbox 457 461 494 526; x_wconf 92' lang='lat' dir='ltr'><strong>in</strong></span> <span class='ocrx_word' id='word_1_5' title='bbox 510 463 588 527; x_wconf 91' lang='lat' dir='ltr'><strong>toto</strong></span> <span class='ocrx_word' id='word_1_6' title='bbox 603 464 710 526; x_wconf 85' lang='lat' dir='ltr'><strong>coetu</strong></span> <span class='ocrx_word' id='word_1_7' title='bbox 727 460 899 540; x_wconf 82' lang='lat' dir='ltr'><strong>fidelium,</strong></span> <span class='ocrx_word' id='word_1_8' title='bbox 918 459 1027 543; x_wconf 90' lang='lat' dir='ltr'><strong>idque</strong></span> <span class='ocrx_word' id='word_1_9' title='bbox 1040 461 1124 542; x_wconf 87' lang='lat' dir='ltr'><strong>jore</strong></span> <span class='ocrx_word' id='word_1_10' title='bbox 1139 461 1219 542; x_wconf 89' lang='lat' dir='ltr'><strong>ipso</strong></span> <span class='ocrx_word' id='word_1_11' title='bbox 1244 465 1397 527; x_wconf 88' lang='lat' dir='ltr'><strong>naturae</strong></span> 
     </span>
     <span class='ocr_line' id='line_1_3' title="bbox 279 565 1396 652; baseline -0.003 -17"><span class='ocrx_word' id='word_1_12' title='bbox 279 568 515 635; x_wconf 77' lang='lat' dir='ltr'><strong>societatibus</strong></span> <span class='ocrx_word' id='word_1_13' title='bbox 529 568 694 652; x_wconf 85' lang='lat' dir='ltr'><strong>omnibus</strong></span> <span class='ocrx_word' id='word_1_14' title='bbox 707 568 900 650; x_wconf 81' lang='lat' dir='ltr'><strong>communi3</strong></span> <span class='ocrx_word' id='word_1_15' title='bbox 915 565 967 632; x_wconf 59' lang='lat'><strong>2?</strong></span> <span class='ocrx_word' id='word_1_16' title='bbox 980 570 1198 649; x_wconf 87' lang='lat' dir='ltr'><strong>potestatem</strong></span> <span class='ocrx_word' id='word_1_17' title='bbox 1211 565 1396 632; x_wconf 77' lang='lat' dir='ltr'><strong>Ecclesiae</strong></span> 
     </span>
     <span class='ocr_line' id='line_1_4' title="bbox 280 672 1395 760; baseline 0 -20"><span class='ocrx_word' id='word_1_18' title='bbox 280 675 467 760; x_wconf 79' lang='lat' dir='ltr'><strong>propriam</strong></span> <span class='ocrx_word' id='word_1_19' title='bbox 478 692 551 739; x_wconf 93' lang='lat' dir='ltr'><strong>non</strong></span> <span class='ocrx_word' id='word_1_20' title='bbox 569 691 649 740; x_wconf 88' lang='lat' dir='ltr'><strong>esse</strong></span> <span class='ocrx_word' id='word_1_21' title='bbox 665 675 702 738; x_wconf 92' lang='lat' dir='ltr'><strong>in</strong></span> <span class='ocrx_word' id='word_1_22' title='bbox 721 674 897 756; x_wconf 85' lang='lat' dir='ltr'><strong>cogendo,</strong></span> <span class='ocrx_word' id='word_1_23' title='bbox 915 672 1031 738; x_wconf 90' lang='lat' dir='ltr'><strong>sedin</strong></span> <span class='ocrx_word' id='word_1_24' title='bbox 1048 673 1228 739; x_wconf 88' lang='lat' dir='ltr'><strong>monendo</strong></span> <span class='ocrx_word' id='word_1_25' title='bbox 1245 679 1395 756; x_wconf 88' lang='lat' dir='ltr'><strong>tantum,</strong></span> 
     </span>
     <span class='ocr_line' id='line_1_5' title="bbox 279 779 1397 863; baseline -0.003 -15"><span class='ocrx_word' id='word_1_26' title='bbox 279 781 318 848; x_wconf 92' lang='lat' dir='ltr'><strong>in</strong></span> <span class='ocrx_word' id='word_1_27' title='bbox 335 780 599 862; x_wconf 81' lang='lat' dir='ltr'><strong>concionando,</strong></span> <span class='ocrx_word' id='word_1_28' title='bbox 617 781 771 863; x_wconf 87' lang='lat' dir='ltr'><strong>aliisque</strong></span> <span class='ocrx_word' id='word_1_29' title='bbox 799 779 926 846; x_wconf 88' lang='lat' dir='ltr'><strong>mediis</strong></span> <span class='ocrx_word' id='word_1_30' title='bbox 956 781 1063 862; x_wconf 81' lang='lat' dir='ltr'><strong>huJus</strong></span> <span class='ocrx_word' id='word_1_31' title='bbox 1093 781 1252 863; x_wconf 83' lang='lat' dir='ltr'><strong>generis:</strong></span> <span class='ocrx_word' id='word_1_32' title='bbox 1270 779 1397 846; x_wconf 85' lang='lat' dir='ltr'><strong>deinde</strong></span> 
     </span>
     <span class='ocr_line' id='line_1_6' title="bbox 279 886 1391 971; baseline -0.003 -17"><span class='ocrx_word' id='word_1_33' title='bbox 279 905 381 971; x_wconf 89' lang='lat' dir='ltr'><strong>vero,</strong></span> <span class='ocrx_word' id='word_1_34' title='bbox 400 887 725 953; x_wconf 88' lang='lat' dir='ltr'><strong>intuituLudovico</strong></span> <span class='ocrx_word' id='word_1_35' title='bbox 744 886 1111 970; x_wconf 88' lang='lat' dir='ltr'><strong>pseudo-imperatori</strong></span> <span class='ocrx_word' id='word_1_36' title='bbox 1124 886 1391 970; x_wconf 87' lang='lat' dir='ltr'><strong>adblandiendi,</strong></span> 
     </span>
     <span class='ocr_line' id='line_1_7' title="bbox 279 992 1397 1077; baseline 0.001 -18"><span class='ocrx_word' id='word_1_37' title='bbox 279 1011 424 1059; x_wconf 88' lang='lat' dir='ltr'><strong>errores</strong></span> <span class='ocrx_word' id='word_1_38' title='bbox 441 993 619 1058; x_wconf 87' lang='lat' dir='ltr'><strong>adversus</strong></span> <span class='ocrx_word' id='word_1_39' title='bbox 636 992 658 1058; x_wconf 86' lang='lat' dir='ltr'><strong>J</strong></span> <span class='ocrx_word' id='word_1_40' title='bbox 662 1011 701 1057; x_wconf 88' lang='lat' dir='ltr'><strong>us</strong></span> <span class='ocrx_word' id='word_1_41' title='bbox 717 992 913 1058; x_wconf 77' lang='lat' dir='ltr'><strong>Euteraam</strong></span> <span class='ocrx_word' id='word_1_42' title='bbox 924 992 1075 1074; x_wconf 83' lang='lat' dir='ltr'><strong>addidit,</strong></span> <span class='ocrx_word' id='word_1_43' title='bbox 1108 1011 1277 1058; x_wconf 84' lang='lat' dir='ltr'><strong>asserens</strong></span> <span class='ocrx_word' id='word_1_44' title='bbox 1301 1001 1397 1077; x_wconf 89' lang='lat' dir='ltr'><strong>pote·</strong></span> 
     </span>
     <span class='ocr_line' id='line_1_8' title="bbox 279 1099 1395 1184; baseline 0.002 -20"><span class='ocrx_word' id='word_1_45' title='bbox 279 1104 414 1164; x_wconf 86' lang='lat' dir='ltr'><strong>etatem</strong></span> <span class='ocrx_word' id='word_1_46' title='bbox 430 1119 452 1165; x_wconf 90' lang='lat' dir='ltr'><strong>a</strong></span> <span class='ocrx_word' id='word_1_47' title='bbox 469 1099 603 1184; x_wconf 91' lang='lat' dir='ltr'><strong>populo</strong></span> <span class='ocrx_word' id='word_1_48' title='bbox 616 1100 834 1165; x_wconf 74' lang='lat' dir='ltr'><strong>translatam</strong></span> <span class='ocrx_word' id='word_1_49' title='bbox 851 1100 962 1165; x_wconf 88' lang='lat' dir='ltr'><strong>fuisse</strong></span> <span class='ocrx_word' id='word_1_50' title='bbox 979 1099 1017 1164; x_wconf 90' lang='lat' dir='ltr'><strong>in</strong></span> <span class='ocrx_word' id='word_1_51' title='bbox 1046 1099 1235 1183; x_wconf 83' lang='lat' dir='ltr'><strong>Principes</strong></span> <span class='ocrx_word' id='word_1_52' title='bbox 1260 1100 1395 1182; x_wconf 86' lang='lat' dir='ltr'><strong>fideles,</strong></span> 
     </span>
    </p>
   </div>
   <div class='ocr_carea' id='block_1_3' title="bbox 272 1207 1404 3422">
    <p class='ocr_par' dir='ltr' id='par_1_3' title="bbox 280 1207 1398 1718">
     <span class='ocr_line' id='line_1_9' title="bbox 280 1207 1397 1292; baseline -0.004 -17"><span class='ocrx_word' id='word_1_53' title='bbox 280 1215 321 1275; x_wconf 95' lang='lat' dir='ltr'><strong>ut</strong></span> <span class='ocrx_word' id='word_1_54' title='bbox 333 1225 414 1274; x_wconf 91' lang='lat' dir='ltr'><strong>eam</strong></span> <span class='ocrx_word' id='word_1_55' title='bbox 427 1207 618 1292; x_wconf 87' lang='lat' dir='ltr'><strong>Episcopis</strong></span> <span class='ocrx_word' id='word_1_56' title='bbox 635 1207 960 1289; x_wconf 85' lang='lat' dir='ltr'><strong>communicarent,</strong></span> <span class='ocrx_word' id='word_1_57' title='bbox 976 1211 1014 1270; x_wconf 92' lang='lat' dir='ltr'><strong>et</strong></span> <span class='ocrx_word' id='word_1_58' title='bbox 1031 1207 1189 1272; x_wconf 86' lang='lat' dir='ltr'><strong>maxims</strong></span> <span class='ocrx_word' id='word_1_59' title='bbox 1216 1207 1255 1271; x_wconf 90' lang='lat' dir='ltr'><strong>in</strong></span> <span class='ocrx_word' id='word_1_60' title='bbox 1286 1207 1397 1290; x_wconf 89' lang='lat' dir='ltr'><strong>Impa-</strong></span> 
     </span>
     <span class='ocr_line' id='line_1_10' title="bbox 280 1311 1398 1398; baseline -0.003 -17"><span class='ocrx_word' id='word_1_61' title='bbox 280 1319 453 1398; x_wconf 88' lang='lat' dir='ltr'><strong>retorom,</strong></span> <span class='ocrx_word' id='word_1_62' title='bbox 487 1314 550 1396; x_wconf 91' lang='lat' dir='ltr'><strong>qui</strong></span> <span class='ocrx_word' id='word_1_63' title='bbox 580 1314 698 1397; x_wconf 91' lang='lat' dir='ltr'><strong>ipsam</strong></span> <span class='ocrx_word' id='word_1_64' title='bbox 722 1312 847 1396; x_wconf 84' lang='lat' dir='ltr'><strong>Papae</strong></span> <span class='ocrx_word' id='word_1_65' title='bbox 879 1317 917 1376; x_wconf 89' lang='lat' dir='ltr'><strong>et</strong></span> <span class='ocrx_word' id='word_1_66' title='bbox 947 1313 1003 1376; x_wconf 90' lang='lat' dir='ltr'><strong>sui</strong></span> <span class='ocrx_word' id='word_1_67' title='bbox 1035 1311 1185 1396; x_wconf 86' lang='lat' dir='ltr'><strong>Imperii</strong></span> <span class='ocrx_word' id='word_1_68' title='bbox 1212 1313 1398 1397; x_wconf 84' lang='lat' dir='ltr'><strong>Episcopis</strong></span> 
     </span>
     <span class='ocr_line' id='line_1_11' title="bbox 280 1417 1398 1506; baseline -0.004 -18"><span class='ocrx_word' id='word_1_69' title='bbox 280 1423 500 1506; x_wconf 65' lang='lat' dir='ltr'><strong>impertitum</strong></span> <span class='ocrx_word' id='word_1_70' title='bbox 519 1421 715 1486; x_wconf 88' lang='lat' dir='ltr'><strong>sinautem</strong></span> <span class='ocrx_word' id='word_1_71' title='bbox 733 1419 921 1501; x_wconf 82' lang='lat' dir='ltr'><strong>Principes</strong></span> <span class='ocrx_word' id='word_1_72' title='bbox 945 1417 1111 1484; x_wconf 86' lang='lat' dir='ltr'><strong>infideles</strong></span> <span class='ocrx_word' id='word_1_73' title='bbox 1139 1421 1284 1502; x_wconf 88' lang='lat' dir='ltr'><strong>fuerint,</strong></span> <span class='ocrx_word' id='word_1_74' title='bbox 1318 1426 1398 1485; x_wconf 88' lang='lat' dir='ltr'><strong>tunc</strong></span> 
     </span>
     <span class='ocr_line' id='line_1_12' title="bbox 281 1525 1397 1611; baseline -0.002 -17"><span class='ocrx_word' id='word_1_75' title='bbox 281 1529 474 1595; x_wconf 82' lang='lat' dir='ltr'><strong>transferri</strong></span> <span class='ocrx_word' id='word_1_76' title='bbox 491 1529 529 1592; x_wconf 91' lang='lat' dir='ltr'><strong>in</strong></span> <span class='ocrx_word' id='word_1_77' title='bbox 545 1527 758 1611; x_wconf 76' lang='lat' dir='ltr'><strong>Episcopos,</strong></span> <span class='ocrx_word' id='word_1_78' title='bbox 776 1525 932 1592; x_wconf 88' lang='lat' dir='ltr'><strong>sedoum</strong></span> <span class='ocrx_word' id='word_1_79' title='bbox 944 1526 1171 1607; x_wconf 85' lang='lat' dir='ltr'><strong>subjectione</strong></span> <span class='ocrx_word' id='word_1_80' title='bbox 1184 1527 1255 1609; x_wconf 87' lang='lat' dir='ltr'><strong>ipsi</strong></span> <span class='ocrx_word' id='word_1_81' title='bbox 1267 1528 1397 1610; x_wconf 88' lang='lat' dir='ltr'><strong>populo</strong></span> 
     </span>
     <span class='ocr_line' id='line_1_13' title="bbox 282 1635 573 1718; baseline -0.01 -17"><span class='ocrx_word' id='word_1_82' title='bbox 282 1635 573 1718; x_wconf 85' lang='lat' dir='ltr'><strong>etPrinoipibua.</strong></span> 
     </span>
    </p>

    <p class='ocr_par' dir='ltr' id='par_1_4' title="bbox 281 1738 1400 2252">
     <span class='ocr_line' id='line_1_14' title="bbox 370 1738 1398 1821; baseline -0.001 -15"><span class='ocrx_word' id='word_1_83' title='bbox 370 1741 446 1806; x_wconf 78' lang='lat'><strong>226.</strong></span> <span class='ocrx_word' id='word_1_84' title='bbox 492 1740 664 1806; x_wconf 81' lang='lat' dir='ltr'><strong>Eroiatio.</strong></span> <span class='ocrx_word' id='word_1_85' title='bbox 675 1738 858 1804; x_wconf 90' lang='lat' dir='ltr'><strong>Marsilius</strong></span> <span class='ocrx_word' id='word_1_86' title='bbox 870 1739 1071 1804; x_wconf 87' lang='lat' dir='ltr'><strong>Patavinus</strong></span> <span class='ocrx_word' id='word_1_87' title='bbox 1081 1741 1163 1821; x_wconf 83' lang='lat' dir='ltr'><strong>jure</strong></span> <span class='ocrx_word' id='word_1_88' title='bbox 1177 1740 1307 1805; x_wconf 91' lang='lat' dir='ltr'><strong>merito</strong></span> <span class='ocrx_word' id='word_1_89' title='bbox 1322 1757 1398 1805; x_wconf 89' lang='lat' dir='ltr'><strong>een-</strong></span> 
     </span>
     <span class='ocr_line' id='line_1_15' title="bbox 281 1845 1397 1929; baseline -0.002 -17"><span class='ocrx_word' id='word_1_90' title='bbox 281 1851 383 1913; x_wconf 88' lang='lat' dir='ltr'><strong>setur</strong></span> <span class='ocrx_word' id='word_1_91' title='bbox 398 1847 501 1912; x_wconf 86' lang='lat' dir='ltr'><strong>velut</strong></span> <span class='ocrx_word' id='word_1_92' title='bbox 515 1845 727 1929; x_wconf 85' lang='lat' dir='ltr'><strong>patriarcba</strong></span> <span class='ocrx_word' id='word_1_93' title='bbox 740 1851 953 1910; x_wconf 87' lang='lat' dir='ltr'><strong>cunctorum</strong></span> <span class='ocrx_word' id='word_1_94' title='bbox 969 1845 1239 1910; x_wconf 89' lang='lat' dir='ltr'><strong>haereticorum</strong></span> <span class='ocrx_word' id='word_1_95' title='bbox 1255 1847 1317 1911; x_wconf 86' lang='lat' dir='ltr'><strong>vel</strong></span> <span class='ocrx_word' id='word_1_96' title='bbox 1336 1845 1397 1910; x_wconf 82' lang='lat' dir='ltr'><strong>Ec-</strong></span> 
     </span>
     <span class='ocr_line' id='line_1_16' title="bbox 283 1952 1400 2036; baseline -0.004 -16"><span class='ocrx_word' id='word_1_97' title='bbox 283 1954 418 2020; x_wconf 89' lang='lat' dir='ltr'><strong>clesiae</strong></span> <span class='ocrx_word' id='word_1_98' title='bbox 434 1954 590 2019; x_wconf 89' lang='lat' dir='ltr'><strong>hostium</strong></span> <span class='ocrx_word' id='word_1_99' title='bbox 609 1952 720 2036; x_wconf 89' lang='lat' dir='ltr'><strong>quiin</strong></span> <span class='ocrx_word' id='word_1_100' title='bbox 738 1954 923 2034; x_wconf 88' lang='lat' dir='ltr'><strong>posterum</strong></span> <span class='ocrx_word' id='word_1_101' title='bbox 951 1953 1203 2017; x_wconf 87' lang='lat' dir='ltr'><strong>sacratissima</strong></span> <span class='ocrx_word' id='word_1_102' title='bbox 1218 1953 1299 2034; x_wconf 85' lang='lat' dir='ltr'><strong>ejus</strong></span> <span class='ocrx_word' id='word_1_103' title='bbox 1320 1954 1400 2034; x_wconf 88' lang='lat' dir='ltr'><strong>jura</strong></span> 
     </span>
     <span class='ocr_line' id='line_1_17' title="bbox 282 2061 1399 2145; baseline -0.003 -18"><span class='ocrx_word' id='word_1_104' title='bbox 282 2062 443 2145; x_wconf 89' lang='lat' dir='ltr'><strong>laedere,</strong></span> <span class='ocrx_word' id='word_1_105' title='bbox 462 2061 696 2143; x_wconf 86' lang='lat' dir='ltr'><strong>divinamque</strong></span> <span class='ocrx_word' id='word_1_106' title='bbox 711 2061 1005 2125; x_wconf 86' lang='lat' dir='ltr'><strong>constitutionem</strong></span> <span class='ocrx_word' id='word_1_107' title='bbox 1040 2065 1255 2142; x_wconf 86' lang='lat' dir='ltr'><strong>pervertere</strong></span> <span class='ocrx_word' id='word_1_108' title='bbox 1279 2061 1399 2144; x_wconf 86' lang='lat' dir='ltr'><strong>pelam</strong></span> 
     </span>
     <span class='ocr_line' id='line_1_18' title="bbox 283 2169 775 2252; baseline -0.008 -18"><span class='ocrx_word' id='word_1_109' title='bbox 283 2187 328 2234; x_wconf 88' lang='lat' dir='ltr'><strong>ac</strong></span> <span class='ocrx_word' id='word_1_110' title='bbox 343 2171 452 2252; x_wconf 90' lang='lat' dir='ltr'><strong>impie</strong></span> <span class='ocrx_word' id='word_1_111' title='bbox 467 2169 576 2235; x_wconf 90' lang='lat' dir='ltr'><strong>veriti</strong></span> <span class='ocrx_word' id='word_1_112' title='bbox 591 2185 664 2233; x_wconf 89' lang='lat' dir='ltr'><strong>non</strong></span> <span class='ocrx_word' id='word_1_113' title='bbox 680 2173 775 2232; x_wconf 90' lang='lat' dir='ltr'><strong>sunt.</strong></span> 
     </span>
    </p>

    <p class='ocr_par' dir='ltr' id='par_1_5' title="bbox 272 2271 1404 3422">
     <span class='ocr_line' id='line_1_19' title="bbox 372 2271 1399 2358; baseline -0.003 -19"><span class='ocrx_word' id='word_1_114' title='bbox 372 2275 427 2339; x_wconf 84' lang='lat' dir='ltr'><strong>Ex</strong></span> <span class='ocrx_word' id='word_1_115' title='bbox 445 2275 638 2358; x_wconf 89' lang='lat' dir='ltr'><strong>disciplina</strong></span> <span class='ocrx_word' id='word_1_116' title='bbox 652 2273 804 2339; x_wconf 86' lang='lat' dir='ltr'><strong>Marsilii</strong></span> <span class='ocrx_word' id='word_1_117' title='bbox 822 2273 1048 2354; x_wconf 88' lang='lat' dir='ltr'><strong>potissimum</strong></span> <span class='ocrx_word' id='word_1_118' title='bbox 1079 2271 1250 2356; x_wconf 88' lang='lat' dir='ltr'><strong>prodiere</strong></span> <span class='ocrx_word' id='word_1_119' title='bbox 1282 2271 1399 2336; x_wconf 84' lang='lat' dir='ltr'><strong>Prota·</strong></span> 
     </span>
     <span class='ocr_line' id='line_1_20' title="bbox 284 2378 1399 2463; baseline -0.002 -19"><span class='ocrx_word' id='word_1_120' title='bbox 284 2385 436 2462; x_wconf 89' lang='lat' dir='ltr'><strong>stantes,</strong></span> <span class='ocrx_word' id='word_1_121' title='bbox 456 2382 518 2463; x_wconf 92' lang='lat' dir='ltr'><strong>qui</strong></span> <span class='ocrx_word' id='word_1_122' title='bbox 534 2379 696 2462; x_wconf 89' lang='lat' dir='ltr'><strong>ejusdem</strong></span> <span class='ocrx_word' id='word_1_123' title='bbox 708 2379 840 2444; x_wconf 90' lang='lat' dir='ltr'><strong>librum</strong></span> <span class='ocrx_word' id='word_1_124' title='bbox 855 2379 1031 2444; x_wconf 90' lang='lat' dir='ltr'><strong>oblivioni</strong></span> <span class='ocrx_word' id='word_1_125' title='bbox 1044 2379 1121 2461; x_wconf 86' lang='lat' dir='ltr'><strong>jem</strong></span> <span class='ocrx_word' id='word_1_126' title='bbox 1145 2378 1320 2444; x_wconf 89' lang='lat' dir='ltr'><strong>traditum</strong></span> <span class='ocrx_word' id='word_1_127' title='bbox 1344 2378 1399 2442; x_wconf 86' lang='lat' dir='ltr'><strong>da-</strong></span> 
     </span>
     <span class='ocr_line' id='line_1_21' title="bbox 284 2486 1399 2569; baseline -0.002 -17"><span class='ocrx_word' id='word_1_128' title='bbox 284 2505 355 2552; x_wconf 93' lang='lat' dir='ltr'><strong>nuo</strong></span> <span class='ocrx_word' id='word_1_129' title='bbox 373 2488 554 2553; x_wconf 88' lang='lat' dir='ltr'><strong>excudere</strong></span> <span class='ocrx_word' id='word_1_130' title='bbox 571 2493 608 2552; x_wconf 90' lang='lat' dir='ltr'><strong>et</strong></span> <span class='ocrx_word' id='word_1_131' title='bbox 625 2487 818 2568; x_wconf 86' lang='lat' dir='ltr'><strong>divulgare</strong></span> <span class='ocrx_word' id='word_1_132' title='bbox 834 2491 1046 2569; x_wconf 89' lang='lat' dir='ltr'><strong>coeperunt;</strong></span> <span class='ocrx_word' id='word_1_133' title='bbox 1065 2486 1261 2569; x_wconf 90' lang='lat' dir='ltr'><strong>etquidem</strong></span> <span class='ocrx_word' id='word_1_134' title='bbox 1284 2504 1399 2550; x_wconf 86' lang='lat' dir='ltr'><strong>sacro·</strong></span> 
     </span>
     <span class='ocr_line' id='line_1_22' title="bbox 284 2593 1400 2676; baseline -0.003 -16"><span class='ocrx_word' id='word_1_135' title='bbox 284 2613 364 2660; x_wconf 91' lang='lat' dir='ltr'><strong>rum</strong></span> <span class='ocrx_word' id='word_1_136' title='bbox 381 2595 651 2661; x_wconf 84' lang='lat' dir='ltr'><strong>Reformatores</strong></span> <span class='ocrx_word' id='word_1_137' title='bbox 668 2595 826 2676; x_wconf 85' lang='lat' dir='ltr'><strong>vestigia</strong></span> <span class='ocrx_word' id='word_1_138' title='bbox 843 2599 917 2659; x_wconf 92' lang='lat' dir='ltr'><strong>tum</strong></span> <span class='ocrx_word' id='word_1_139' title='bbox 934 2593 1165 2659; x_wconf 86' lang='lat' dir='ltr'><strong>Hussiterum</strong></span> <span class='ocrx_word' id='word_1_140' title='bbox 1182 2599 1219 2658; x_wconf 95' lang='lat' dir='ltr'><strong>et</strong></span> <span class='ocrx_word' id='word_1_141' title='bbox 1235 2593 1400 2660; x_wconf 87' lang='lat' dir='ltr'><strong>Wiolefii·</strong></span> 
     </span>
     <span class='ocr_line' id='line_1_23' title="bbox 284 2701 1401 2784; baseline -0.004 -17"><span class='ocrx_word' id='word_1_142' title='bbox 284 2709 434 2784; x_wconf 87' lang='lat' dir='ltr'><strong>starum,</strong></span> <span class='ocrx_word' id='word_1_143' title='bbox 454 2706 530 2768; x_wconf 92' lang='lat' dir='ltr'><strong>tum</strong></span> <span class='ocrx_word' id='word_1_144' title='bbox 545 2702 731 2768; x_wconf 88' lang='lat' dir='ltr'><strong>Heraetici</strong></span> <span class='ocrx_word' id='word_1_145' title='bbox 746 2701 914 2766; x_wconf 87' lang='lat' dir='ltr'><strong>Patavini</strong></span> <span class='ocrx_word' id='word_1_146' title='bbox 929 2705 1145 2784; x_wconf 87' lang='lat' dir='ltr'><strong>prementes,</strong></span> <span class='ocrx_word' id='word_1_147' title='bbox 1155 2701 1307 2766; x_wconf 87' lang='lat' dir='ltr'><strong>inficiati</strong></span> <span class='ocrx_word' id='word_1_148' title='bbox 1321 2703 1401 2765; x_wconf 90' lang='lat' dir='ltr'><strong>sunt</strong></span> 
     </span>
     <span class='ocr_line' id='line_1_24' title="bbox 284 2807 1401 2890; baseline -0.003 -17"><span class='ocrx_word' id='word_1_149' title='bbox 284 2807 488 2874; x_wconf 83' lang='lat' dir='ltr'><strong>Ecclesiam</strong></span> <span class='ocrx_word' id='word_1_150' title='bbox 505 2826 585 2875; x_wconf 87' lang='lat' dir='ltr'><strong>cese</strong></span> <span class='ocrx_word' id='word_1_151' title='bbox 599 2809 682 2889; x_wconf 88' lang='lat' dir='ltr'><strong>jure</strong></span> <span class='ocrx_word' id='word_1_152' title='bbox 699 2809 823 2875; x_wconf 91' lang='lat' dir='ltr'><strong>divino</strong></span> <span class='ocrx_word' id='word_1_153' title='bbox 853 2809 1066 2872; x_wconf 88' lang='lat' dir='ltr'><strong>societatem</strong></span> <span class='ocrx_word' id='word_1_154' title='bbox 1095 2825 1316 2890; x_wconf 85' lang='lat' dir='ltr'><strong>supremam,</strong></span> <span class='ocrx_word' id='word_1_155' title='bbox 1344 2823 1401 2870; x_wconf 89' lang='lat' dir='ltr'><strong>ne-</strong></span> 
     </span>
     <span class='ocr_line' id='line_1_25' title="bbox 285 2913 1402 2997; baseline -0.004 -18"><span class='ocrx_word' id='word_1_156' title='bbox 285 2915 483 2979; x_wconf 82' lang='lat' dir='ltr'><strong>eessariam</strong></span> <span class='ocrx_word' id='word_1_157' title='bbox 502 2921 611 2997; x_wconf 85' lang='lat' dir='ltr'><strong>atqua</strong></span> <span class='ocrx_word' id='word_1_158' title='bbox 627 2915 858 2997; x_wconf 86' lang='lat' dir='ltr'><strong>inaequalem</strong></span> <span class='ocrx_word' id='word_1_159' title='bbox 875 2913 985 2996; x_wconf 90' lang='lat' dir='ltr'><strong>plene</strong></span> <span class='ocrx_word' id='word_1_160' title='bbox 1002 2918 1039 2977; x_wconf 91' lang='lat' dir='ltr'><strong>et</strong></span> <span class='ocrx_word' id='word_1_161' title='bbox 1066 2913 1278 2978; x_wconf 89' lang='lat' dir='ltr'><strong>immediata</strong></span> <span class='ocrx_word' id='word_1_162' title='bbox 1306 2916 1402 2994; x_wconf 87' lang='lat' dir='ltr'><strong>pote·</strong></span> 
     </span>
     <span class='ocr_line' id='line_1_26' title="bbox 272 3020 1404 3102; baseline -0.001 -19"><span class='ocrx_word' id='word_1_163' title='bbox 272 3025 381 3084; x_wconf 79' lang='lat' dir='ltr'><strong>state</strong></span> <span class='ocrx_word' id='word_1_164' title='bbox 395 3021 610 3102; x_wconf 89' lang='lat' dir='ltr'><strong>praeditam;</strong></span> <span class='ocrx_word' id='word_1_165' title='bbox 624 3038 705 3085; x_wconf 84' lang='lat' dir='ltr'><strong>eam</strong></span> <span class='ocrx_word' id='word_1_166' title='bbox 720 3020 872 3102; x_wconf 90' lang='lat' dir='ltr'><strong>proinde</strong></span> <span class='ocrx_word' id='word_1_167' title='bbox 885 3021 1124 3086; x_wconf 89' lang='lat' dir='ltr'><strong>communiter</strong></span> <span class='ocrx_word' id='word_1_168' title='bbox 1140 3025 1404 3084; x_wconf 71' lang='lat' dir='ltr'><strong>recensuerunt</strong></span> 
     </span>
     <span class='ocr_line' id='line_1_27' title="bbox 286 3127 1404 3210; baseline -0.002 -20"><span class='ocrx_word' id='word_1_169' title='bbox 286 3127 759 3208; x_wconf 89' lang='lat' dir='ltr'><strong>societatibusvoluntariis,</strong></span> <span class='ocrx_word' id='word_1_170' title='bbox 773 3127 988 3210; x_wconf 82' lang='lat' dir='ltr'><strong>aequalibus</strong></span> <span class='ocrx_word' id='word_1_171' title='bbox 1003 3143 1046 3191; x_wconf 89' lang='lat' dir='ltr'><strong>ec</strong></span> <span class='ocrx_word' id='word_1_172' title='bbox 1059 3127 1298 3209; x_wconf 78' lang='lat' dir='ltr'><strong>imperfectis,</strong></span> <span class='ocrx_word' id='word_1_173' title='bbox 1312 3141 1404 3208; x_wconf 89' lang='lat' dir='ltr'><strong>quae</strong></span> 
     </span>
     <span class='ocr_line' id='line_1_28' title="bbox 285 3231 1402 3316; baseline -0.002 -20"><span class='ocrx_word' id='word_1_174' title='bbox 285 3233 438 3315; x_wconf 92' lang='lat' dir='ltr'><strong>imperio</strong></span> <span class='ocrx_word' id='word_1_175' title='bbox 455 3235 602 3316; x_wconf 92' lang='lat' dir='ltr'><strong>proprio</strong></span> <span class='ocrx_word' id='word_1_176' title='bbox 620 3241 730 3316; x_wconf 89' lang='lat' dir='ltr'><strong>atque</strong></span> <span class='ocrx_word' id='word_1_177' title='bbox 760 3232 1019 3316; x_wconf 87' lang='lat' dir='ltr'><strong>independenti</strong></span> <span class='ocrx_word' id='word_1_178' title='bbox 1050 3236 1232 3315; x_wconf 84' lang='lat' dir='ltr'><strong>potestate</strong></span> <span class='ocrx_word' id='word_1_179' title='bbox 1261 3231 1402 3296; x_wconf 90' lang='lat' dir='ltr'><strong>omnino</strong></span> 
     </span>
     <span class='ocr_line' id='line_1_29' title="bbox 286 3339 1403 3422; baseline -0.002 -18"><span class='ocrx_word' id='word_1_180' title='bbox 286 3345 425 3422; x_wconf 89' lang='lat' dir='ltr'><strong>carent,</strong></span> <span class='ocrx_word' id='word_1_181' title='bbox 446 3341 702 3405; x_wconf 83' lang='lat' dir='ltr'><strong>auctoritatem</strong></span> <span class='ocrx_word' id='word_1_182' title='bbox 720 3339 948 3421; x_wconf 90' lang='lat' dir='ltr'><strong>spiritualem</strong></span> <span class='ocrx_word' id='word_1_183' title='bbox 975 3341 1012 3403; x_wconf 92' lang='lat' dir='ltr'><strong>in</strong></span> <span class='ocrx_word' id='word_1_184' title='bbox 1039 3340 1212 3422; x_wconf 89' lang='lat' dir='ltr'><strong>populum</strong></span> <span class='ocrx_word' id='word_1_185' title='bbox 1242 3339 1403 3404; x_wconf 85' lang='lat' dir='ltr'><strong>christia-</strong></span> 
     </span>
    </p>
   </div>
   <div class='ocr_carea' id='block_1_4' title="bbox 286 3445 1404 3619">
    <p class='ocr_par' dir='ltr' id='par_1_6' title="bbox 286 3445 1404 3619">
     <span class='ocr_line' id='line_1_30' title="bbox 286 3445 1125 3529; baseline 0.001 -20"><span class='ocrx_word' id='word_1_186' title='bbox 286 3463 371 3510; x_wconf 92' lang='lat' dir='ltr'><strong>num</strong></span> <span class='ocrx_word' id='word_1_187' title='bbox 387 3446 449 3510; x_wconf 90' lang='lat' dir='ltr'><strong>vel</strong></span> <span class='ocrx_word' id='word_1_188' title='bbox 466 3446 585 3529; x_wconf 89' lang='lat' dir='ltr'><strong>potius</strong></span> <span class='ocrx_word' id='word_1_189' title='bbox 598 3447 635 3510; x_wconf 92' lang='lat' dir='ltr'><strong>in</strong></span> <span class='ocrx_word' id='word_1_190' title='bbox 651 3446 838 3527; x_wconf 89' lang='lat' dir='ltr'><strong>Principes</strong></span> <span class='ocrx_word' id='word_1_191' title='bbox 851 3445 1125 3510; x_wconf 77' lang='lat' dir='ltr'><strong>transferentes.</strong></span> 
     </span>
     <span class='ocr_line' id='line_1_31' title="bbox 375 3533 1404 3619; baseline 0 -21"><span class='ocrx_word' id='word_1_192' title='bbox 375 3533 420 3598; x_wconf 84' lang='lat' dir='ltr'><strong>Et</strong></span> <span class='ocrx_word' id='word_1_193' title='bbox 433 3537 494 3619; x_wconf 93' lang='lat' dir='ltr'><strong>qui</strong></span> <span class='ocrx_word' id='word_1_194' title='bbox 510 3535 542 3601; x_wconf 92' lang='lat' dir='ltr'>N</span> <span class='ocrx_word' id='word_1_195' title='bbox 544 3543 715 3601; x_wconf 84' lang='lat' dir='ltr'><strong>oratores</strong></span> <span class='ocrx_word' id='word_1_196' title='bbox 733 3535 876 3618; x_wconf 85' lang='lat' dir='ltr'><strong>sequuti</strong></span> <span class='ocrx_word' id='word_1_197' title='bbox 892 3540 987 3612; x_wconf 90' lang='lat' dir='ltr'><strong>sunt,</strong></span> <span class='ocrx_word' id='word_1_198' title='bbox 1003 3551 1231 3616; x_wconf 82' lang='lat' dir='ltr'><strong>quacumque</strong></span> <span class='ocrx_word' id='word_1_199' title='bbox 1249 3534 1404 3600; x_wconf 89' lang='lat' dir='ltr'><strong>denomi-</strong></span> 
     </span>
    </p>
   </div>
   <div class='ocr_carea' id='block_1_5' title="bbox 286 3641 1407 4258">
    <p class='ocr_par' dir='ltr' id='par_1_7' title="bbox 286 3641 1407 4258">
     <span class='ocr_line' id='line_1_32' title="bbox 286 3641 1405 3724; baseline -0.002 -18"><span class='ocrx_word' id='word_1_200' title='bbox 286 3642 436 3707; x_wconf 87' lang='lat' dir='ltr'><strong>natione</strong></span> <span class='ocrx_word' id='word_1_201' title='bbox 454 3646 644 3724; x_wconf 90' lang='lat' dir='ltr'><strong>voceutur,</strong></span> <span class='ocrx_word' id='word_1_202' title='bbox 663 3647 793 3724; x_wconf 89' lang='lat' dir='ltr'><strong>aperta</strong></span> <span class='ocrx_word' id='word_1_203' title='bbox 825 3649 946 3706; x_wconf 88' lang='lat' dir='ltr'><strong>mente</strong></span> <span class='ocrx_word' id='word_1_204' title='bbox 964 3641 1024 3705; x_wconf 90' lang='lat' dir='ltr'><strong>vel</strong></span> <span class='ocrx_word' id='word_1_205' title='bbox 1036 3641 1159 3706; x_wconf 87' lang='lat' dir='ltr'><strong>fucato</strong></span> <span class='ocrx_word' id='word_1_206' title='bbox 1173 3641 1332 3722; x_wconf 88' lang='lat' dir='ltr'><strong>nomine,</strong></span> <span class='ocrx_word' id='word_1_207' title='bbox 1347 3657 1405 3706; x_wconf 86' lang='lat' dir='ltr'><strong>ex-</strong></span> 
     </span>
     <span class='ocr_line' id='line_1_33' title="bbox 286 3747 1406 3832; baseline -0.004 -19"><span class='ocrx_word' id='word_1_208' title='bbox 286 3747 1406 3832; x_wconf 85' lang='lat' dir='ltr'><strong>plicitisterminisvelartificioverborum‚omnesoonsentiunt</strong></span> 
     </span>
     <span class='ocr_line' id='line_1_34' title="bbox 287 3852 1406 3936; baseline -0.002 -18"><span class='ocrx_word' id='word_1_209' title='bbox 287 3856 325 3918; x_wconf 93' lang='lat' dir='ltr'><strong>in</strong></span> <span class='ocrx_word' id='word_1_210' title='bbox 338 3855 529 3920; x_wconf 90' lang='lat' dir='ltr'><strong>tribuendo</strong></span> <span class='ocrx_word' id='word_1_211' title='bbox 540 3855 660 3919; x_wconf 90' lang='lat' dir='ltr'><strong>coetui</strong></span> <span class='ocrx_word' id='word_1_212' title='bbox 672 3853 831 3918; x_wconf 89' lang='lat' dir='ltr'><strong>fidelium</strong></span> <span class='ocrx_word' id='word_1_213' title='bbox 845 3859 908 3918; x_wconf 89' lang='lat' dir='ltr'><strong>aut</strong></span> <span class='ocrx_word' id='word_1_214' title='bbox 919 3853 1148 3936; x_wconf 87' lang='lat' dir='ltr'><strong>Principibus</strong></span> <span class='ocrx_word' id='word_1_215' title='bbox 1158 3852 1406 3918; x_wconf 87' lang='lat' dir='ltr'><strong>saecularibus</strong></span> 
     </span>
     <span class='ocr_line' id='line_1_35' title="bbox 287 3959 1406 4043; baseline 0 -20"><span class='ocrx_word' id='word_1_216' title='bbox 287 3963 508 4043; x_wconf 88' lang='lat' dir='ltr'><strong>potestatem</strong></span> <span class='ocrx_word' id='word_1_217' title='bbox 521 3960 695 4027; x_wconf 90' lang='lat' dir='ltr'><strong>divinitus</strong></span> <span class='ocrx_word' id='word_1_218' title='bbox 708 3961 911 4026; x_wconf 83' lang='lat' dir='ltr'><strong>institutam</strong></span> <span class='ocrx_word' id='word_1_219' title='bbox 922 3965 961 4025; x_wconf 89' lang='lat' dir='ltr'><strong>et</strong></span> <span class='ocrx_word' id='word_1_220' title='bbox 973 3959 1233 4026; x_wconf 85' lang='lat' dir='ltr'><strong>ecclesiasticis</strong></span> <span class='ocrx_word' id='word_1_221' title='bbox 1242 3960 1406 4042; x_wconf 85' lang='lat' dir='ltr'><strong>personis</strong></span> 
     </span>
     <span class='ocr_line' id='line_1_36' title="bbox 288 4065 1363 4151; baseline -0.001 -20"><span class='ocrx_word' id='word_1_222' title='bbox 288 4083 353 4131; x_wconf 89' lang='lat' dir='ltr'><strong>seu</strong></span> <span class='ocrx_word' id='word_1_223' title='bbox 369 4085 474 4132; x_wconf 89' lang='lat' dir='ltr'><strong>sacro</strong></span> <span class='ocrx_word' id='word_1_224' title='bbox 487 4069 652 4151; x_wconf 88' lang='lat' dir='ltr'><strong>subjecto</strong></span> <span class='ocrx_word' id='word_1_225' title='bbox 669 4071 810 4132; x_wconf 87' lang='lat' dir='ltr'><strong>tentum</strong></span> <span class='ocrx_word' id='word_1_226' title='bbox 826 4071 937 4151; x_wconf 86' lang='lat' dir='ltr'><strong>etque</strong></span> <span class='ocrx_word' id='word_1_227' title='bbox 952 4065 1161 4132; x_wconf 90' lang='lat' dir='ltr'><strong>immediate</strong></span> <span class='ocrx_word' id='word_1_228' title='bbox 1177 4065 1363 4130; x_wconf 84' lang='lat' dir='ltr'><strong>collatam.</strong></span> 
     </span>
     <span class='ocr_line' id='line_1_37' title="bbox 377 4171 1407 4258; baseline -0.003 -20"><span class='ocrx_word' id='word_1_229' title='bbox 377 4173 455 4239; x_wconf 78' lang='lat'><strong>227.</strong></span> <span class='ocrx_word' id='word_1_230' title='bbox 503 4175 932 4258; x_wconf 78' lang='lat' dir='ltr'><strong>Damnatio.V,ersipellis</strong></span> <span class='ocrx_word' id='word_1_231' title='bbox 964 4175 1199 4242; x_wconf 72' lang='lat' dir='ltr'><strong>consiliarius</strong></span> <span class='ocrx_word' id='word_1_232' title='bbox 1232 4171 1407 4238; x_wconf 89' lang='lat' dir='ltr'><strong>Ludovici</strong></span> 
     </span>
    </p>
   </div>
   <div class='ocr_carea' id='block_1_6' title="bbox 0 0 1534 4990">
    <p class='ocr_par' dir='ltr' id='par_1_8' title="bbox 0 0 1534 4990">
     <span class='ocr_line' id='line_1_38' title="bbox 0 0 1534 4990; baseline 0 0"><span class='ocrx_word' id='word_1_233' title='bbox 0 0 1534 4990; x_wconf 95' lang='lat' dir='ltr'><strong> </strong></span> 
     </span>
    </p>
   </div>
  </div>
 </body>
</html>
