3024 4994
823 441 943 506 -212
970 475 1003 491 .-

351 585 894 654 recontenduntnuetoritstem
905 585 1462 671 Principumvelttsgistretuum

352 697 515 762 civilium
531 694 742 778 implorare,
762 699 800 758 ut
818 693 1105 778 delinquentium
1120 697 1352 762 contumacia
1375 697 1462 762 tran-

352 809 473 889 gotur‚
489 801 635 868 minime
651 818 741 867 vero
758 801 828 885 ipsi
845 805 1052 884 competere
1065 803 1125 883 ius
1143 820 1282 885 poenos
1295 808 1461 888 tempora-

352 913 405 978 les
422 909 622 994 irrogandi3
640 907 666 993 u)
684 909 892 974 testimonia
907 907 966 974 SS.
986 909 1148 992 Patrum3
1168 928 1259 994 quos
1277 911 1372 976 inter
1401 929 1461 975 me·

352 1015 488 1083 morari
506 1020 664 1080 meretur
681 1013 716 1080 S.
735 1014 756 1080 J
760 1033 897 1080 oannes
915 1014 1195 1100 chrysostomus
1222 1016 1274 1081 ita
1292 1018 1460 1100 inquiens:

352 1125 438 1210 Reor
456 1142 604 1210 corpora
621 1123 803 1189 commissa
820 1130 912 1203 sunt,
927 1121 1120 1206 Sacerdoti,
1135 1125 1290 1206 animae,
1317 1125 1393 1189 Rea
1404 1146 1463 1188 ma·

353 1230 451 1296 cuias
464 1231 622 1315 corporis
636 1230 792 1311 remittit,
808 1227 978 1295 Sacerdos
996 1237 1112 1296 autem
1138 1231 1294 1296 maculae
1317 1238 1461 1316 peccato·

352 1355 444 1418 rum;
470 1337 530 1402 illc
548 1338 648 1422 coeit,
663 1335 717 1401 iric
742 1335 958 1418 exhortatum
985 1337 1044 1402 ille
1075 1338 1278 1404 necessitate
1304 1339 1387 1423 acii,
1415 1337 1461 1402 iric

352 1445 464 1510 libera
481 1444 668 1524 voluntato;
686 1443 745 1508 illc
762 1442 861 1508 habet
877 1463 976 1508 arma
994 1444 1183 1524 sensibilia,
1209 1443 1264 1510 tic
1290 1465 1390 1510 arma
1404 1445 1462 1528 spi·

352 1553 500 1618 ritualia
512 1551 574 1636 (l);
606 1553 617 1632 )
633 1549 848 1616 Decretales
861 1549 1082 1632 Pontificies3
1098 1553 1233 1616 etenim
1247 1549 1463 1616 Caelestinus

353 1658 407 1724 III
424 1664 552 1741 aperte
565 1658 685 1723 fassus
703 1663 759 1722 est
773 1675 949 1721 summum
978 1658 1210 1723 coercitionis
1243 1677 1371 1742 genus,
1403 1675 1463 1741 quo

356 1765 406 1831 uti
423 1765 588 1830 Ecclesia
605 1769 738 1848 potest,
758 1765 1171 1830 excommunicationem
1196 1783 1290 1847 esse,
1316 1783 1361 1831 uo
1387 1765 1464 1830 nihil

353 1878 548 1957 praeterea
563 1871 711 1954 habere,
731 1871 825 1955 quod
845 1872 938 1936 ultra
952 1872 1077 1936 faciat:
1093 1871 1133 1938 Si
1153 1870 1319 1954 Clericus,
1349 1874 1410 1952 ait,
1434 1875 1464 1936 iu

354 2001 560 2066 quocumque
576 1981 697 2045 ordine
710 1981 915 2045 constitutus
928 1981 964 2044 in
975 1981 1085 2064 furto,
1115 1981 1168 2045 uel
1201 1979 1395 2062 homicidio,
1421 1979 1463 2043 cel

348 2089 522 2176 perjurio,
536 2109 596 2152 scu
612 2088 683 2152 alio
697 2087 840 2151 crimine
854 2088 965 2171 suerit
983 2087 1214 2172 deprehensus
1231 2088 1389 2172 lcyitimo,
1422 2093 1463 2150 nt·

354 2217 416 2280 que
433 2197 618 2275 conuictus,
638 2195 681 2258 ab
698 2195 928 2259 ecclesiastico
934 2195 1056 2280 judice
1070 2195 1292 2280 deponendus
1306 2203 1364 2262 est.
1380 2194 1464 2270 Quod

354 2304 384 2367 si
417 2303 592 2386 depositus
622 2301 875 2386 incorreailtilis
901 2303 1022 2387 fuerit,
1055 2303 1348 2368 accommunicari
1371 2304 1463 2378 debet,

354 2410 476 2474 deiude
491 2411 709 2475 contumacia
724 2417 904 2489 crescente,
923 2410 1155 2476 anathematis
1171 2431 1331 2476 nrucrone
1357 2409 1462 2496 seriri;

348 2517 569 2601 postmodum
583 2536 675 2598 cero,
694 2517 725 2580 si
741 2516 778 2580 in
789 2517 1007 2601 profundam
1026 2517 1197 2583 malorum
1224 2520 1371 2600 ueniens,
1398 2537 1463 2581 con·

354 2621 540 2706 tempserit,
555 2641 630 2686 cum
646 2619 804 2687 Ecclesia
822 2643 890 2687 non
910 2622 1034 2687 habeat
1058 2623 1152 2687 ultra
1181 2624 1265 2707 qnid
1285 2624 1405 2710 faciat,
1430 2640 1464 2683 nc

351 2729 463 2816 possit
493 2749 563 2794 erec
592 2730 687 2794 ultra
713 2730 871 2813 perditio
894 2729 1143 2813 plurimorum,
1172 2751 1236 2815 per
1263 2729 1463 2796 saecularem

354 2836 632 2922 comprimendus
654 2843 872 2926 potestatem,
899 2837 950 2902 ila
968 2838 1058 2921 quod
1071 2838 1102 2903 ei
1119 2837 1303 2924 deputetur
1320 2838 1462 2914 cecilium,

354 2945 408 3008 oct
423 2943 497 3009 alia
514 2943 667 3028 locitima
679 2963 795 3028 poena
812 2945 989 3029 inferatur
1002 2943 1065 3028 (2).

446 3049 520 3112 129.
569 3048 686 3113 Hodie
704 3066 791 3114 vero
810 3049 976 3133 plerique
1002 3051 1215 3116 canonistae
1234 3051 1389 3133 optimae
1412 3065 1462 3111 no·

356 3159 416 3220 tae
434 3156 656 3220 contendunt
674 3159 895 3239 potestatem
913 3157 1101 3223 Ecclesiae
1130 3159 1367 3223 coercitivam
1394 3171 1464 3218 sese

355 3263 554 3328 extendere
572 3263 619 3326 ed
636 3281 774 3346 poenas
792 3267 1027 3348 temporales,
1047 3265 1158 3330 etiam
1175 3267 1333 3350 corporis
1356 3261 1463 3350 aflicti·

355 3391 428 3452 cas,
448 3373 558 3453 etque
577 3369 713 3453 triplici
732 3370 933 3436 innituntur
966 3375 1195 3456 argumento,
1214 3371 1398 3452 videlicet,
1415 3369 1462 3434 do·

354 3477 467 3542 ctrina
485 3475 687 3559 Ecclesiae,
709 3477 870 3557 ejusdem
882 3481 996 3563 praxi
1010 3479 1139 3561 etipsa
1153 3481 1301 3544 ratione.

445 3584 496 3647 1.⁰
543 3583 715 3648 Doctrina
732 3581 921 3648 Ecclesiae
950 3588 1007 3648 sut
1025 3585 1198 3667 explicite
1233 3584 1422 3668 colligitur:
1439 3581 1463 3655 ⁸)

356 3709 402 3756 ex
418 3691 632 3755 Tridentino
650 3689 809 3772 Synodo,
825 3709 918 3773 quae
937 3691 1076 3756 duobus
1100 3693 1137 3756 in
1151 3692 1243 3757 locis
1262 3690 1464 3757 sententium

356 3814 451 3861 nunc
470 3797 710 3860 communiter
742 3801 929 3879 receptam
955 3798 1066 3880 plane
1095 3798 1299 3880 conflrmnt3
1328 3815 1408 3861 nem
1435 3795 1465 3856 iu

356 3901 523 3967 Sessione
538 3901 605 3968 VII
622 3902 797 3967 definivit:
813 3903 852 3968 Si
880 3907 955 3989 quis
973 3906 1145 3972 dicerit...
1177 3927 1238 3972 nec
1263 3905 1335 3972 alia
1365 3921 1465 3988 poena

356 4008 403 4072 ad
421 4008 647 4072 christianam
663 4009 771 4072 citam
787 4013 951 4095 cauendus
969 4011 1122 4094 (fideles)
1141 4015 1209 4080 nisi
1227 4021 1264 4078 ut
1276 4013 1317 4077 ab
1341 4009 1462 4075 Ecetra

427 4270 466 4334 (l)
502 4237 585 4325 Hom.
600 4271 624 4324 t.
635 4268 763 4324 decuriis
774 4273 874 4328 Isaiae.

429 4341 466 4409 (tt
505 4341 574 4409 Cup.
587 4343 620 4394 10
633 4341 665 4396 dc
677 4341 803 4398 dediciis.
