3030 4990
505 434 656 509 fua
679 465 716 478 -

19 585 24 596 ·
87 583 147 641 tuto
161 577 357 660 retinenda,
377 579 441 642 illa
460 597 589 662 nempe
624 595 716 662 quae
734 578 959 662 principibus
989 577 1115 643 tribuit
1130 577 1189 661 jus

86 683 331 750 indirectnmct
361 687 519 750 officium
552 685 803 751 devolutlvum
836 686 972 750 cultum
1004 687 1189 770 publicum

85 792 269 858 stabiliendi
287 798 397 876 atque
415 792 585 858 ordinndi
608 811 697 875 paro
716 792 848 858 tuendo
864 793 990 858 ordine
1008 793 1137 858 sociali
1154 796 1190 858 et

84 897 237 964 felicitate
266 900 459 983 temporali
494 899 753 982 comparanda.
784 899 886 965 Etre
911 899 1055 984 quidem
1085 917 1188 984 vera,

85 1003 187 1084 magni
208 1003 359 1068 interest
391 1021 611 1068 summorum
641 1003 897 1086 imperantium
926 1002 1088 1069 subditos
1106 1022 1190 1068 suos

83 1111 311 1194 tranquillam,
331 1128 559 1194 prosperam,
595 1111 828 1195 quietamque
864 1111 976 1177 vitam
1007 1128 1119 1194 agere
1153 1112 1191 1177 in

83 1217 238 1282 societate
275 1219 425 1301 politica
461 1219 519 1283 cui
552 1223 739 1300 praesunt3
773 1217 935 1282 sedcum
973 1219 1102 1302 religio
1144 1219 1191 1282 sit

82 1321 334 1390 fundamentum
351 1324 567 1390 indirectum
581 1327 681 1408 pacis
696 1325 842 1390 socialis
856 1330 892 1390 et
906 1326 1075 1409 publicae
1092 1330 1189 1390 tran-

83 1429 264 1513 quillitatis,
284 1436 320 1496 et
338 1431 496 1497 conditio
514 1435 724 1498 necessaria
749 1436 786 1497 ut
804 1433 961 1498 felicitas
976 1434 1189 1516 temporalis

82 1532 190 1601 haberi
207 1539 331 1621 possit,
360 1539 505 1604 sublata
530 1541 625 1604 enim
658 1541 836 1622 religione
868 1539 971 1605 deest
989 1540 1189 1627 moralitas,

82 1649 174 1725 atque
191 1645 379 1711 deficiente
412 1646 631 1728 moralitate,
652 1648 752 1712 cives
770 1665 889 1730 neque
918 1648 1003 1730 jura
1037 1647 1191 1712 aliorum

81 1751 296 1834 verebuntur,
324 1770 393 1818 nec
421 1753 543 1818 cilicia
573 1758 697 1818 mutua
727 1754 989 1838 adimplebunt,
1020 1771 1138 1838 neque
1168 1773 1190 1819 a

81 1861 316 1940 perpetrandis
334 1861 476 1926 delictis
506 1862 751 1944 abstinebunt;
783 1881 870 1946 ergo
895 1862 1082 1954 Principes
1107 1863 1191 1944 iure

81 1970 215 2031 naturae
233 1973 403 2034 tenantur·
419 1968 583 2034 ordinem
611 1970 821 2052 religiosum
841 1987 971 2034 curare
989 1975 1026 2034 et
1050 1987 1191 2052 promo·

81 2089 166 2138 rere.

154 2179 252 2246 Nunc
269 2200 371 2266 vero,
387 2183 456 2249 hoc
483 2184 659 2250 indirecto
691 2184 899 2267 Principum
931 2181 1049 2247 officio
1079 2182 1192 2246 semel

81 2287 269 2370 constituto,
289 2287 425 2372 duplex
440 2307 546 2355 casus
561 2291 735 2356 obvenire
754 2292 889 2373 posset:
905 2289 966 2354 vel
981 2288 1191 2373 praedictus

81 2387 154 2452 ordo
171 2391 360 2475 religiosus
374 2395 450 2477 jam
467 2397 568 2478 viget
584 2397 621 2461 in
638 2397 813 2462 societate
832 2396 878 2460 ab
895 2396 983 2479 ipsis
1015 2394 1190 2478 regenda,

80 2500 335 2572 praestabilitus
354 2507 464 2590 atque
481 2509 650 2568 servatus
674 2521 741 2587 per
766 2505 1021 2568 auctoritatem
1047 2502 1191 2584 religio-

80 2616 144 2666 sam
156 2615 251 2672 recte
264 2607 483 2692 institutam,
499 2611 559 2676 vel
573 2611 673 2676 nulla
688 2611 791 2676 adest
804 2610 1030 2693 organizatio
1045 2611 1191 2674 socialis

80 2713 209 2792 proprie
226 2714 323 2780 dicta
341 2734 406 2798 pro
436 2719 534 2782 cultu
552 2718 697 2801 publico
723 2719 800 2782 Deo
817 2717 1034 2783 exhibendo:
1054 2718 1089 2781 in
1121 2716 1190 2799 pri-

81 2833 127 2880 mo
142 2835 223 2884 casu
239 2822 403 2888 ordinem
420 2823 630 2906 religiosum
649 2824 748 2908 prius
766 2825 968 2889 institutum
986 2841 1058 2887 non
1075 2823 1192 2888 solum

80 2928 237 3010 revereri,
257 2946 385 2994 verum
418 2931 526 2996 etiam
544 2936 740 3015 protegere
773 2949 817 2996 ac
835 2929 1032 2995 defendere
1056 2929 1191 2994 debent

80 3029 228 3114 inipsius
245 3036 432 3102 societatis
456 3039 601 3121 bonum;
624 3039 661 3103 in
679 3038 839 3103 secunda
863 3037 1058 3120 hipothesi,
1089 3037 1192 3101 indu·

81 3138 213 3206 cendum
232 3144 412 3209 curabunt
442 3145 578 3209 cultum
611 3146 795 3228 publicum
812 3148 999 3227 tamquam
1018 3144 1189 3209 conditio·

80 3260 150 3309 nem
161 3251 348 3314 stabilitati
363 3256 399 3315 et
415 3252 603 3316 securitati
620 3253 748 3316 sociali
777 3257 940 3334 optatam
972 3256 1008 3316 et
1024 3269 1191 3316 necessa·

80 3351 170 3435 riam,
198 3358 280 3438 qnia
301 3359 460 3436 omniurn
486 3360 601 3424 refert
619 3359 799 3424 ordinatio
818 3360 980 3442 positiva
1003 3359 1192 3441 religionis

80 3464 109 3521 ct
124 3463 246 3529 nullius
261 3466 321 3548 jus
353 3466 522 3549 laeditur,
554 3483 596 3531 eo
621 3466 716 3549 quod
746 3485 850 3532 nemo
880 3467 939 3548 sit,
957 3467 1014 3532 cui
1033 3485 1121 3531 cura
1139 3467 1193 3531 rei

79 3567 255 3650 religiosae
273 3572 493 3638 demandata
511 3574 570 3638 sit.

169 3676 360 3763 Hucusque
392 3680 577 3763 disputata
609 3681 708 3746 circa
738 3681 953 3764 religionem
986 3681 1191 3746 naturalem

79 3792 268 3869 versantur3
285 3787 349 3852 sed
373 3805 467 3871 quae
483 3793 668 3871 postremo
697 3790 777 3855 loco
796 3809 862 3873 pro
892 3788 1027 3854 tuenda
1044 3787 1096 3853 33*
1113 3806 1192 3853 sen-

80 3891 180 3956 tentia
209 3895 455 3978 exposuimus,
500 3897 730 3978 apertissime
762 3895 958 3962 ostendunt
1003 3896 1193 3978 Principes

80 3999 222 4073 gentium
236 4007 272 4066 et
288 4001 537 4067 Moderatores
554 4003 742 4068 nationum
766 4003 978 4083 infidelium,
999 4009 1193 4086 postquam

80 4097 164 4170 Deus
180 4111 360 4176 novissime
378 4110 496 4175 diebus
520 4113 598 4175 latia
614 4113 774 4195 loquutus
792 4119 842 4177 eat
868 4113 964 4176 uobis
981 4113 1017 4175 iu
1035 4111 1137 4192 Filio,
1156 4115 1193 4174 ut

81 4208 126 4272 ait
137 4211 175 4278 D.
190 4215 319 4282 Paulus
332 4217 392 4302 (1),
408 4217 661 4301 Aeternusquc
676 4217 743 4282 Del
757 4217 869 4284 Filius
888 4217 1052 4284 Christus
1072 4216 1193 4280 Domi-

85 4299 224 4318 δ’·-ψι-

143 4355 176 4422 (ll
212 4355 410 4423 rldHebroeos,
420 4375 479 4428 cop.
494 4357 518 4429 l,
530 4374 553 4413 v.
562 4360 589 4414 2.
