3120 4988
568 433 725 492 ,59-

109 575 215 640 verbis
228 578 347 640 textus
360 577 464 641 allati
479 581 578 662 (qaae
593 579 629 642 ia
646 579 807 643 barbaris
821 578 989 664 pentibus,
1022 577 1121 664 etc.);
1154 577 1207 644 3.⁰

107 683 265 747 rationem
302 683 409 766 hujus
442 683 661 749 discriminis
690 685 785 750 hanc
818 701 911 766 esse,
939 687 976 749 ut
1001 683 1208 750 Christiana

106 790 231 872 religio,
247 807 309 854 seu
323 791 482 856 facultas
496 809 576 856 earn
595 793 709 857 libere
739 793 920 876 pleneque
947 791 1143 857 exercendi
1172 793 1208 857 in

106 895 246 962 Romano
264 897 421 981 Imperio
440 906 514 964 tata
531 902 639 982 esset,
654 917 726 964 non
745 904 865 964 autem
881 900 918 963 in
931 899 1053 982 regnis
1078 900 1207 964 barba-

106 1005 147 1067 ris
161 1008 203 1084 (et
219 1007 248 1070 si
264 1013 386 1087 essent,
403 1013 477 1071 tata
491 1028 562 1072 esse
586 1027 654 1071 non
673 1011 845 1091 possent),·
861 1006 915 1071 4.⁰
931 1007 1012 1072 heic
1044 1025 1116 1072 non
1148 1007 1208 1089 agi
1264 1051 1266 1057 ,

107 1109 142 1174 de
154 1113 340 1178 existentia
353 1113 541 1178 Ecclesiae
559 1113 787 1196 simpliciter,
808 1114 872 1178 sed
886 1114 930 1178 de
948 1117 1027 1178 tuta
1052 1115 1208 1180 existen·

106 1221 159 1300 tia;
174 1221 300 1287 etenim
318 1227 429 1305 negat
446 1222 648 1288 Ecclesiam
666 1241 745 1288 esse
763 1224 798 1287 in
829 1223 997 1306 gentibus
1025 1221 1205 1305 barbaris,

108 1329 188 1409 quod
203 1329 343 1414 quidem
356 1349 483 1396 verum
502 1334 594 1413 erat,
614 1331 644 1395 si
658 1348 776 1396 sermo
790 1332 888 1395 esset
902 1330 946 1394 de
960 1333 1039 1394 tuta
1052 1328 1207 1394 existen·

107 1435 373 1517 damnantem
388 1438 419 1502 si
433 1437 477 1503 de
491 1438 688 1502 existentia
700 1437 914 1521 simpliciter
928 1439 1111 1519 ageretur,
1128 1453 1210 1499 cum

107 1550 231 1608 constet
248 1545 343 1628 apud
359 1544 536 1610 barbaros
548 1546 625 1627 jam
642 1545 750 1626 longe
769 1549 854 1609 ante
886 1544 1071 1608 Ecclesiae
1100 1542 1208 1606 exsti-

107 1650 191 1734 tisse;
208 1651 260 1716 5.⁰
276 1652 311 1717 S.
331 1650 505 1736 Optatum
536 1670 581 1716 ex
599 1656 686 1716 tunc
703 1653 878 1734 temporis
895 1651 1004 1734 plane
1036 1649 1210 1731 rejecisse

107 1755 288 1823 doctrinam
302 1759 570 1841 Regalist'arum
583 1758 626 1823 de
644 1758 887 1841 dependentia
901 1757 1089 1822 Ecclesiae
1100 1775 1122 1819 a
1132 1755 1208 1821 Sta·

108 1869 148 1945 tu,
162 1864 237 1930 ideo
255 1867 350 1930 enirn
366 1867 517 1948 negavit
535 1865 737 1930 Ecclesiam
755 1883 835 1930 esse
870 1864 967 1948 apud
983 1869 1110 1947 gentes
1128 1865 1209 1927 bar·

108 1968 211 2052 baras,
230 1973 313 2054 quia
329 1973 378 2036 ibi
393 1991 464 2038 non
481 1978 561 2038 erat
578 1977 655 2038 tuta
673 1991 716 2038 ac
732 1974 862 2056 libera;
880 1973 944 2038 sed
961 1973 998 2037 in
1027 1972 1208 2037 sententia

107 2073 354 2158 Regalistarum
368 2078 534 2144 Ecclesia
550 2081 678 2145 nullibi
692 2087 748 2145 est
765 2081 895 2165 libera,
914 2098 994 2144 eum
1012 2081 1059 2144 sit
1077 2079 1208 2162 depen-

108 2183 181 2248 dens
194 2203 215 2249 a
227 2185 397 2269 Regibus,
414 2204 501 2270 ergo
519 2205 636 2270 neque
651 2190 741 2251 tuta.

181 2289 242 2357 His
252 2294 488 2376 praemonitis
502 2293 743 2376 objectionem
751 2311 797 2358 ex
810 2294 891 2357 loeo
905 2291 939 2357 S.
965 2289 1090 2373 Optati
1117 2311 1208 2357 sum·

108 2399 190 2475 ptam
207 2399 257 2463 ita
268 2401 306 2464 in
323 2399 486 2465 terminis
503 2400 689 2464 solvimus:
708 2399 866 2466 Ecclesia
884 2409 934 2466 est
950 2404 988 2466 io
1005 2401 1208 2485 Republica,

108 2500 207 2584 idest,
221 2505 256 2569 in
270 2507 351 2588 ipsa
364 2507 540 2571 societate
557 2507 670 2588 civili,
687 2513 865 2589 quatenus
879 2507 962 2570 talis
977 2511 1042 2588 est,
1059 2526 1154 2593 acpo;
1173 2509 1211 2570 in

108 2607 240 2694 imperio
259 2613 413 2679 Romana
439 2617 549 2696 atque
568 2631 613 2677 ex
630 2615 790 2696 paritate
807 2613 959 2678 rationis
988 2615 1024 2676 in
1042 2631 1210 2695 quocum·

109 2732 165 2796 que
187 2723 279 2784 statu
297 2738 376 2785 earn
391 2725 620 2804 protegente,
637 2721 793 2786 subsitat:
813 2721 955 2784 ratione
971 2720 1150 2784 libertatis
1176 2727 1212 2784 et

109 2826 308 2911 securitatis,
328 2849 435 2912 conc,
451 2826 782 2909 rationejuridicae
795 2825 1059 2909 inferioritatis,
1079 2831 1116 2890 ut
1129 2843 1211 2890 cum

110 2925 248 3012 Dupinio
272 2940 309 2998 et
327 2934 505 3000 Balduino
534 2935 727 3019 Regalistis
744 2937 879 3019 placet,
896 2954 990 3021 nepo:
1017 2936 1211 3000 viceversa

110 3033 297 3120 Respublica
313 3063 381 3107 noa
398 3051 448 3108 est
460 3045 496 3107 in
508 3042 679 3124 Ecclesia,
694 3044 779 3107 item
794 3044 890 3109 dist:
906 3048 1075 3125 respectu
1089 3041 1210 3106 deien-

110 3140 215 3228 sionis,
234 3147 302 3213 hoc
318 3153 386 3230 est,
404 3153 584 3232 quatenus
598 3148 793 3232 Imperium
810 3150 1008 3214 Romanurn
1023 3167 1135 3232 usque
1164 3148 1210 3212 ad

110 3263 176 3314 eam
188 3259 355 3336 aetatem,
370 3258 406 3320 in
422 3275 493 3339 qua
508 3253 661 3339 Optatus
675 3257 871 3338 scribebat,
887 3256 1075 3321 Ecclesiae
1089 3260 1210 3338 patro·

111 3354 189 3422 cinio
202 3378 270 3425 non
286 3361 476 3445 indigebat
493 3362 539 3427 ad
556 3363 843 3446 propulsandam
859 3382 1004 3429 suorum
1038 3363 1209 3426 adverse-

110 3462 226 3534 riornm
238 3471 324 3551 vim,
340 3470 405 3535 sed
432 3471 652 3534 exercitibus
670 3471 828 3553 propriis
846 3472 897 3535 uti
926 3475 1081 3554 poterat,
1101 3488 1208 3550 conc.;

111 3579 259 3654 respecto
275 3576 583 3642 subordinationis
600 3578 813 3660 indirectas,
833 3580 936 3661 quasi
964 3579 999 3642 in
1031 3579 1139 3642 rebus
1163 3577 1211 3640 ad

111 3676 302 3760 religionem
319 3685 569 3767 spectantibus
587 3684 775 3749 Ecclesiae
790 3703 861 3748 non
875 3684 1051 3766 subesset,
1067 3705 1161 3770 nepo.

186 3784 321 3870 ObJeet.
342 3789 393 3854 1.⁸
411 3793 606 3858 erraticae
624 3791 851 3874 deprompta.
870 3791 1135 3856 Praetermissa
1152 3808 1210 3853 au·

113 3889 261 3960 ctoritate
277 3896 311 3962 S.
332 3895 458 3981 Optati
476 3904 585 3982 atque
610 3900 758 3963 excluso
773 3915 999 3982 quocumque
1028 3917 1148 3980 sensu,
1175 3897 1213 3961 in

113 4013 170 4078 quo
185 4003 228 4068 ab
245 4024 286 4072 eo
303 4010 449 4090 prolata
464 4010 586 4092 fuerit,
607 4027 751 4092 semper
770 4009 839 4073 erit
863 4026 922 4072 res
957 4010 1144 4089 comperta
1176 4009 1213 4069 et

114 4103 295 4179 indubitata
311 4115 514 4181 Ecclesiam
532 4134 612 4182 esse
629 4119 666 4181 in
683 4116 895 4198 Republica,
913 4133 985 4180 non
1008 4112 1212 4196 Rempubli-

30 4223 31 4306 ᾗ
115 4227 180 4282 carn
192 4219 226 4284 in
238 4219 415 4288 Ecclesia:
434 4241 521 4306 ergo
538 4223 704 4288 Ecclesia
721 4223 969 4307 Reipublicae,
990 4240 1062 4286 non
1078 4220 1212 4302 Respu-

30 4311 31 4326 ²
115 4317 195 4390 blica
207 4325 389 4396 Ecclesiae
404 4331 570 4413 subjecta
587 4349 666 4397 esse
683 4329 801 4396 debet.
