3024 4994
578 451 743 510 -253—

107 589 251 654 formula
263 607 451 674 expressa:
467 591 634 662 Potestas
647 591 835 661 Ecclesiae
848 591 903 656 est
920 587 1113 654 Enacrlva
1129 583 1215 671 (Urt-

107 696 252 780 aaran).

185 800 271 868 Cum
289 804 484 872 asserimus
501 812 721 890 potestatem
733 803 922 872 Ecclesiae
936 801 1143 886 (loquimur,
1165 797 1217 862 uti

106 908 147 973 ab
161 907 263 975 initio
278 916 426 978 nostrae
443 913 719 997 disceptationis
732 911 1040 998 praemonuimus,
1056 907 1100 973 de
1118 910 1215 990 pote·

105 1019 192 1080 state
205 1016 226 1082 J
230 1017 488 1100 urisdictionis)
516 1022 711 1088 Eleaticum
724 1038 817 1102 esse,
832 1020 989 1084 fortasse
1003 1019 1218 1080 extraneum

106 1123 277 1190 nonnullis
295 1124 480 1192 videbitur
497 1129 704 1194 enunciatio
739 1125 916 1210 ejusmodi
949 1120 1145 1206 peculiaris
1175 1137 1219 1184 ao

105 1233 433 1312 praestantissimae
450 1240 571 1316 notae,
591 1254 684 1318 quae
702 1235 740 1300 in
771 1231 1022 1300 ecclesiastice
1036 1231 1219 1312 potestate

107 1337 265 1422 effulget;
281 1343 480 1423 eapropter
493 1347 779 1408 consentaneum
793 1341 956 1406 ducimus
965 1335 1101 1419 aliquid
1114 1351 1218 1417 prae-

105 1443 239 1509 mittere
253 1446 352 1510 circa
368 1451 537 1512 naturam
555 1449 739 1531 propriam
757 1451 793 1512 et
806 1444 1001 1528 juridicam
1036 1441 1218 1508 notionem

107 1551 300 1618 canonicae
314 1553 517 1636 electionis,
537 1559 576 1618 ut
591 1572 693 1620 mens
710 1557 835 1618 nostra
852 1555 953 1616 recte
979 1547 1217 1630 intelligatur,

106 1662 137 1721 et
152 1658 289 1724 veritas
307 1664 454 1725 nostrae
471 1661 684 1726 assertionis
701 1661 752 1725 in·
767 1662 843 1724 tuto
869 1661 1038 1741 ponatur3
1066 1652 1219 1735 praeha-

105 1763 290 1832 bitisenim
308 1769 522 1850 opportunis
553 1765 930 1833 animadversionibus
958 1780 1070 1846 supra
1097 1760 1219 1844 genul-

105 1889 182 1938 uum
205 1873 312 1956 hujus
331 1874 557 1940 characteris
575 1880 802 1958 conceptum,
831 1871 1016 1955 quaelibet
1044 1867 1220 1934 dubitatio

106 1980 161 2045 vel
176 1981 342 2046 confusio
358 1981 429 2046 hae
446 1981 490 2047 de
509 2000 548 2047 re
566 1983 711 2048 omnino
729 1980 901 2062 cessabit,
932 1983 968 2044 et
993 1979 1220 2060 argumente,

105 2104 192 2169 quae
210 2093 286 2153 tum
299 2110 321 2154 a
329 2090 447 2174 priori
462 2094 538 2154 tum
555 2112 578 2155 a
595 2091 786 2174 posteriori
804 2106 870 2171 pro
889 2086 984 2152 thesi
1001 2081 1223 2149 vindicanda

106 2194 308 2280 afferemus,
326 2195 575 2278 plenissimam
591 2191 1152 2279 probationemsuppeditabunt.

188 2301 264 2368 156.
314 2301 453 2368 Electio
487 2303 665 2368 canonica
694 2303 830 2386 passim
863 2300 1042 2366 delinitur:
1085 2297 1235 2380 Vocatio¹

100 2430 265 2492 personae
278 2411 421 2477 idoneae
438 2413 485 2476 ad
498 2413 676 2477 ecclesiam
689 2412 741 2477 vel
749 2411 995 2496 praelaturam
1010 2411 1189 2474 vacantem
1202 2425 1223 2469 a

105 2515 261 2602 lepitimia
278 2519 479 2584 electoribus
495 2520 561 2584 rite
574 2521 683 2604 facta,
701 2525 732 2583 et
763 2539 785 2584 a
801 2517 979 2601 superiore
1009 2515 1222 2600 confirmata.

189 2625 245 2690 Ex
261 2625 332 2690 hac
351 2625 560 2691 defiuitione
590 2645 744 2710 pronum
761 2629 817 2690 est
834 2624 1021 2706 colligere:
1056 2619 1106 2686 1.⁰
1124 2619 1223 2703 quin·

106 2747 169 2813 que
188 2733 325 2816 requiri
341 2731 579 2815 conditiones,
596 2737 636 2798 ut
648 2738 751 2798 recta
768 2736 804 2798 et
820 2731 984 2813 legitima
1000 2729 1037 2792 in
1054 2727 1074 2792 J
1080 2743 1142 2792 ure
1160 2724 1223 2790 Oa·

105 2839 229 2906 nonico
246 2840 426 2907 habeatur
443 2841 586 2924 electio,
621 2841 804 2906 videlicet:
824 2840 853 2918 ει)
873 2837 1070 2921 qualitates
1099 2835 1137 2898 in
1154 2833 1224 2897 ele·

106 2950 159 3010 cto
173 2961 356 3034 {perronae
368 2949 539 3029 idoneae);
555 2945 580 3032 ¹³)
594 2948 740 3014 vacatio
755 2945 943 3010 Ecclesiae
961 2943 1020 3009 vel
1038 2940 1224 3024 dignitatis

107 3055 162 3130 (ad
192 3055 372 3122 ecclesiam
388 3057 441 3123 ael
452 3056 697 3141 praelaturam
711 3056 917 3132 vacantem),·
935 3055 960 3135 ⁰)
976 3049 1173 3133 qualitates
1189 3045 1226 3111 in

106 3159 322 3227 electoribus
352 3165 387 3242 (a
412 3163 574 3247 lepitimis
607 3155 1016 3242 electoribua);‘¹)lorma
1045 3155 1106 3222 vel
1135 3154 1226 3218 eole-

106 3268 271 3334 mnitates
285 3267 377 3350 J'uris
396 3271 475 3348 (rite
489 3271 618 3354 factal·
635 3271 660 3348 e)
679 3266 905 3332 confirmatio
925 3264 1103 3329 canonica
1122 3273 1157 3342 (a
1173 3283 1226 3327 su-

101 3377 235 3456 periore
251 3374 582 3462 confirmatam-2⁰
601 3375 753 3438 inomni
785 3374 966 3438 electione
984 3375 1159 3436 accurate
1177 3367 1227 3432 di·

106 3481 364 3550 scriminandos
382 3500 462 3548 esse
478 3487 552 3547 tres
569 3486 685 3562 actus,
705 3483 766 3565 qui
783 3480 1030 3563 utplurimum
1055 3473 1228 3541 confundi

106 3588 230 3673 solent,
250 3594 287 3654 et
304 3607 488 3672 nunquam
506 3589 719 3671 permisceri
737 3587 881 3668 debent,
899 3601 1042 3666 nempe,
1070 3583 1226 3667 desipue-

106 3694 225 3763 tionem
255 3697 321 3760 sub
351 3696 599 3779 appellatione
639 3695 899 3774 nominationis,
928 3689 1224 3776 praesentationis

107 3801 163 3866 vel
172 3805 425 3889 propositionis
456 3803 567 3867 etiam
585 3807 797 3884 usurpatam
815 3801 995 3880 (uocatio);
1026 3797 1227 3862 electionem

108 3911 249 3992 proprie
280 3909 413 3974 dietam
435 3921 469 3989 (a
486 3910 648 3992 lepitimis
665 3908 864 3974 electoribus
881 3907 947 3972 rite
962 3906 1089 3992 facta),·
1102 3907 1139 3966 et
1154 3923 1229 3968 con·

105 4017 327 4099 firmationem
342 4021 377 4095 (a
388 4017 566 4101 superiore
586 4019 815 4102 confirmata).

190 4123 375 4206 Ejusmodi
392 4129 494 4188 actus
511 4141 576 4188 seu
593 4126 717 4205 partes
743 4120 931 4186 electionis
957 4123 1058 4184 recte
1092 4135 1227 4182 nuncu-

110 4231 183 4309 pari
198 4234 348 4314 possent
361 4233 589 4316 principiam,
609 4231 758 4296 aredium
776 4233 811 4292 et
834 4229 1128 4312 complementum,
1165 4225 1226 4290 vel

110 4335 137 4398 si
153 4337 277 4403 melius
293 4337 428 4420 placet,
448 4338 666 4402 elementum
689 4336 957 4421 praeliminare,
972 4333 1154 4398 materiale
1186 4346 1230 4394 ac
