3146 4980
1401 9 1563 179 f!

807 371 986 431 ..432-

336 516 626 598 sustentandum
645 516 761 584 donec
793 519 866 580 stet
896 517 1026 598 domas,
1055 514 1267 599 perdurabit
1297 518 1466 598 pateria-

336 623 467 704 milias,
487 623 548 706 qni
576 622 735 687 debiturn
764 622 927 686 ordinem
943 628 1154 705 reatamque
1178 621 1467 688 administratio·

337 747 418 794 nem
436 731 473 794 in
491 747 535 794 ea
552 733 700 810 toletum
720 729 835 794 donec
848 729 895 794 sit
910 729 1010 809 ovile,
1030 728 1242 811 perdurabit
1269 734 1398 811 pastor
1417 747 1469 794 ne

337 853 426 900 oves
439 837 561 918 gregis
577 835 847 919 dispergantnr;
877 835 993 900 donec
1009 836 1144 901 existet
1158 855 1309 920 requam,
1326 835 1464 916 perdu·

337 945 434 1008 rabit
451 945 621 1026 princeps
639 943 686 1006 ad
701 942 898 1006 divisiones
915 946 951 1006 et
975 942 1270 1024 perturbationes
1287 940 1467 1006 vitandas

337 1055 375 1114 et
391 1051 557 1133 claviger
574 1050 635 1133 qui
651 1067 858 1131 supremam
887 1049 1141 1112 auctoritatem
1158 1045 1330 1111 socialem
1353 1063 1465 1112 exer·

337 1163 431 1236 ceat;
448 1156 563 1221 donec
581 1156 685 1220 vivat
701 1177 836 1240 corpas,
852 1155 923 1218 erit
939 1160 1050 1236 capnt
1065 1153 1112 1218 ad
1126 1154 1300 1218 unitatem
1315 1157 1351 1216 et
1364 1170 1466 1217 oom-

337 1282 468 1347 pagem
485 1264 728 1328 membrorum
746 1262 975 1326 alliciendam
993 1265 1031 1324 et
1047 1260 1348 1342 conservandam,
1365 1279 1464 1326 sum·

337 1371 461 1435 matim
480 1375 517 1434 et
529 1372 606 1434 sine
620 1370 819 1454 parabolis,
835 1370 951 1434 donec
964 1374 1084 1434 exstet
1096 1367 1273 1450 Ecclesia,
1289 1385 1464 1452 perseve-

337 1477 434 1540 rabit
448 1477 643 1560 Primatus,
664 1477 780 1542 donec
807 1477 879 1540 sint
896 1476 1020 1541 fldelcs
1044 1475 1211 1558 docendi,
1231 1476 1465 1557 permanebit

340 1583 436 1648 Petri
453 1583 626 1666 cathedra,
644 1592 765 1649 contra
795 1603 897 1667 qaam
914 1603 1088 1666 nonquam
1101 1583 1366 1667 praevaliturae
1390 1583 1467 1648 aiot

336 1691 504 1773 superbae
520 1691 713 1775 inferorum
725 1697 850 1774 portae
862 1691 922 1770 (l),
943 1689 1058 1753 donec
1075 1694 1246 1752 maneant
1263 1689 1389 1771 populi
1407 1707 1462 1753 re-

337 1795 458 1876 gendi,
478 1803 605 1876 gentes
623 1795 906 1876 convertendae,
927 1796 1143 1876 animaeque
1159 1795 1462 1876 sanctificandae,

337 1906 556 1982 agnoscetur
573 1901 610 1964 in
638 1903 813 1966 societate
845 1901 1045 1966 christiana
1077 1899 1195 1984 Caput
1223 1901 1386 1982 Visibile,
1406 1919 1461 1965 re·

338 2007 465 2088 gnabit
498 2007 670 2090 Princeps
689 2008 803 2088 Unus,
818 2013 922 2090 reget
938 2007 1068 2072 Pastor
1084 2007 1279 2089 Supremas
1297 2012 1334 2072 et
1350 2007 1460 2072 hono-

338 2113 478 2176 rabitur
496 2119 606 2196 atque
625 2114 765 2178 coletur
789 2113 953 2178 Summus
977 2113 1159 2194 Pontifex,
1189 2111 1321 2178 Christi
1354 2113 1461 2178 Vica-

337 2219 424 2300 rius,
445 2218 542 2284 Petri
559 2219 753 2284 Successor
771 2225 807 2284 et
824 2219 925 2284 Sedis
942 2219 1126 2284 Romanae
1140 2218 1354 2302 Episcopus.

427 2323 496 2389 Sed
515 2325 691 2407 Ecclesia,
708 2326 815 2407 juxta
832 2326 975 2390 divinas
992 2331 1028 2390 ct
1045 2327 1225 2390 solemnes
1254 2325 1458 2408 promissio·
1562 2339 1563 2352 ¹

340 2445 536 2512 nasusque
565 2431 612 2494 ad
628 2433 976 2496 consummationem
999 2431 1136 2496 saeculi
1164 2432 1347 2515 persistes
1369 2448 1460 2514 crgo

339 2535 503 2615 usquein
521 2535 627 2600 linem
645 2539 848 2617 temporum
865 2538 1094 2619 permanebit
1111 2537 1313 2602 auctoritas
1328 2538 1458 2619 prima·
1561 2595 1562 2626 ,

338 2640 435 2703 tialis
448 2659 470 2703 a
483 2639 625 2706 christo
639 2640 793 2708 Domino
803 2644 969 2708 instituta
982 2645 1019 2707 et
1033 2641 1073 2706 B.
1089 2642 1196 2708 Petro
1211 2644 1363 2727 ejusque
1375 2643 1459 2710 Suc-

338 2748 544 2812 caesoribus
557 2748 705 2812 collata.

427 2852 479 2917 2.⁰
529 2853 743 2920 Traditioae:
774 2855 828 2920 Ex
862 2873 976 2938 prope
1004 2858 1203 2922 innumeris
1230 2857 1458 2936 testimoniis,

337 2975 431 3044 qnae
445 2960 555 3023 totius
568 2962 795 3043 antiquitatis
809 2961 1032 3028 christianae
1045 2981 1190 3028 sensnm
1204 2969 1241 3028 et
1252 2964 1460 3029 unanimem

337 3064 553 3131 Sanctorum
572 3067 719 3132 Patrum
737 3068 939 3135 doctrinam
956 3071 1195 3152 patefaciunt,
1222 3071 1460 3155 praestantis·
1559 3139 1560 3142 ,

337 3171 429 3233 sima
447 3170 481 3236 S.
502 3173 632 3237 Leonis
651 3173 772 3256 Magni
790 3175 905 3240 verba
921 3176 1120 3259 seligimus,
1146 3178 1207 3261 qui
1225 3179 1277 3244 ita
1294 3179 1459 3260 praeola-

338 3293 378 3340 re
391 3278 454 3341 ait:
469 3276 580 3343 Siculi
587 3289 769 3362 permanet
783 3282 921 3364 paedia
941 3279 1075 3348 Christo
1089 3284 1214 3349 Petras
1228 3284 1392 3366 credidit,
1409 3287 1460 3349 iia

329 3392 513 3467 permanet
540 3385 682 3468 paedia
713 3387 815 3452 Petro
850 3386 1007 3453 Christos
1024 3389 1217 3454 instituit...
1235 3389 1354 3456 Manet
1382 3409 1461 3474 erpo

336 3489 519 3572 dispositio
531 3491 701 3571 ueritatis,
721 3499 752 3556 et
768 3493 810 3556 Β.
832 3495 1010 3559 Peirasia
1026 3503 1168 3579 accepta
1181 3496 1393 3581 fortitudine
1400 3515 1458 3582 pe-

336 3602 391 3660 tra
402 3617 642 3681 perseverans,
659 3608 819 3684 suscepta
835 3600 1011 3668 Ecclesiae
1027 3604 1260 3688 puderoaoaiea
1287 3624 1357 3670 noa
1382 3605 1460 3670 reii-
1557 3637 1558 3640 ¹

357 3705 409 3767 ait
439 3703 485 3766 2.

336 3723 356 3786 q
426 3705 481 3873 (Egr
499 3809 568 3873 hac
585 3811 839 3892 permanentia
857 3811 1004 3878 divinae
1032 3813 1283 3898 institutionis,
1314 3813 1361 3880 de
1392 3833 1463 3900 qna

336 3913 496 3995 loquitur
512 3913 548 3980 S.
567 3915 655 3998 Leo,
674 3918 839 4000 exsurgit
854 3919 991 3984 lectum
1019 3937 1183 4004 perenne
1210 3928 1320 4008 atque
1346 3922 1461 3988 ineln-
1556 3915 1557 3936 l

335 4054 496 4066 ————-

406 4176 443 4242 (l)
480 4177 498 4228 S
521 4179 671 4246 Angustia.
684 4177 720 4234 la
727 4181 836 4249 psalmo
845 4185 941 4238 conoe
947 4187 1058 4252 partem
1070 4181 1186 4240 Donaii.

405 4250 443 4313 (2)
478 4247 570 4302 serm.
583 4251 635 4315 111,
646 4247 790 4307 Deoniali
798 4253 891 4324 ipsias,
901 4259 964 4319 eta,
976 4255 1037 4310 sdit
1049 4255 1157 4323 ballea,
1169 4273 1232 4326 cap.
1245 4261 1300 4314 ist
1308 4259 1334 4312 8.
