3034 4990
814 395 990 456 -304-

343 543 451 621 coptu
473 539 670 622 superioris
697 540 930 606 examinandi
948 545 1144 625 antequam
1173 547 1404 625 exsequatur,
1422 549 1456 606 ct

342 650 482 710 tantum
508 662 574 728 per
601 647 853 730 exceptionem
871 646 1055 730 denegare
1072 653 1193 730 potest
1218 647 1454 714 obedientiam

343 769 390 818 ex
414 753 610 818 manifesta
637 754 827 836 injustitia,
858 754 1001 818 ratione
1035 755 1178 837 peccati
1195 755 1255 820 vel
1279 755 1453 838 incompe-

343 860 492 938 tentiae,
519 861 575 926 sic
603 861 713 926 etiam
744 860 930 944 Princeps,
950 861 1011 945 qui
1040 861 1189 928 inierior
1220 865 1276 927 est
1291 869 1453 945 respectu

341 965 542 1049 Ecclesiae,
560 975 704 1032 tenetur
720 986 793 1034 non
822 971 1047 1051 examinare,
1066 969 1130 1034 sed
1146 971 1298 1052 exsequi
1316 971 1391 1052 ejus
1407 971 1453 1033 le·

342 1091 419 1157 ges,
439 1074 507 1138 nisi
532 1074 568 1138 in
593 1093 680 1140 casu
697 1077 910 1158 particulari
930 1077 1128 1141 auctoritas
1146 1062 1362 1141 secundaria
1375 1077 1453 1158 jura

342 1197 406 1245 suo
439 1181 628 1246 evidenter
653 1183 876 1263 abuteretur;
896 1187 981 1248 tuuc
1010 1182 1105 1247 enim
1131 1181 1236 1248 datur
1260 1183 1452 1266 appellatio

342 1287 388 1352 ad
407 1289 644 1372 superiorem3
662 1287 688 1370 b)
703 1306 761 1354 res
779 1291 972 1373 explorata
985 1295 1040 1356 est
1053 1291 1289 1374 omnibusque
1304 1290 1452 1354 tenenda

343 1395 443 1478 leges
469 1397 661 1478 generales
690 1395 878 1462 Ecclesiae
902 1397 1021 1478 Justas
1039 1415 1131 1478 esse,
1151 1405 1187 1461 et
1204 1397 1452 1462 auctoritative

342 1503 522 1586 applicari
552 1503 812 1570 antecedenter
829 1503 1036 1587 Principum
1061 1503 1212 1586 iudicio,
1231 1503 1382 1588 ideoque
1399 1505 1451 1568 hic

342 1611 486 1676 censeri
510 1617 572 1676 aut
589 1613 715 1677 vocari
733 1611 858 1695 nequit
886 1629 1036 1676 caecum
1053 1611 1342 1694 instrumentum,
1361 1613 1449 1696 quia,

342 1736 422 1783 cum
440 1719 486 1783 ab
504 1719 669 1784 Ecclesia
687 1718 901 1799 advocatur,
920 1717 1164 1800 cognitionem
1181 1723 1320 1784 certam
1348 1725 1381 1782 et
1397 1737 1450 1800 ge·

342 1825 502 1890 nericam
534 1825 578 1890 de
603 1825 745 1908 justitia
774 1841 907 1890 causae
928 1825 1004 1906 jam
1024 1825 1174 1906 obtinet,
1193 1825 1369 1908 quineam
1392 1843 1449 1888 suo

341 1931 501 1998 examini
525 1931 708 2014 subjiciam
729 1934 753 2012 ⁰)
778 1947 850 1996 non
880 1931 985 1996 adest
1014 1931 1153 2014 paritas
1185 1949 1265 1996 cum
1294 1931 1450 2012 Principe

341 2039 542 2120 foederato,
562 2039 737 2122 siquidem
760 2037 961 2102 foederatio
986 2037 1139 2102 habetur
1163 2038 1258 2102 inter
1275 2037 1448 2120 aequalem

340 2145 404 2212 sed
429 2146 633 2230 aequalitas
663 2163 742 2212 esse
773 2145 898 2228 nequit
916 2145 1011 2210 inter
1028 2143 1231 2210 Ecclesiam
1255 2149 1292 2209 et
1307 2143 1447 2215 Statum
1498 2227 1499 2236 ἶ

341 2251 426 2317 hinc
444 2254 622 2335 protectio
640 2253 747 2334 hujus
766 2268 910 2334 semper
923 2251 1170 2316 ministerialis
1182 2251 1264 2332 erit,
1278 2267 1448 2333 nunquam

341 2375 430 2424 vero
455 2359 710 2440 auctoritativa,
729 2363 842 2441 atque
870 2356 1006 2421 idcireo
1034 2355 1150 2440 Reges
1175 2361 1211 2422 et
1227 2356 1358 2422 Summi
1384 2355 1446 2420 Ma·

341 2465 514 2548 gistratus
532 2465 631 2531 nullo
649 2469 756 2548 pactu
773 2464 1002 2547 perpendere
1019 2466 1172 2546 possunt
1182 2463 1358 2545 justitiam
1374 2481 1446 2526 cau·

341 2589 405 2636 sae
423 2571 467 2636 ob
485 2589 592 2655 quam
622 2589 745 2637 eorum
775 2571 991 2652 imploratur
1018 2571 1259 2652 interventus,
1280 2571 1361 2654 quic
1388 2569 1447 2632 hoo

342 2683 483 2743 tantum
510 2679 711 2761 protectori
729 2677 990 2742 auctoritative
1017 2677 1203 2760 competit,
1224 2679 1276 2741 uti
1302 2673 1447 2756 Principi
1497 2717 1498 2722 η

341 2803 431 2868 erga
446 2785 610 2850 subditos
627 2803 711 2849 suos
731 2789 768 2849 et
784 2783 973 2849 Ecclesiae
987 2799 1076 2864 erga
1091 2782 1279 2865 Principes
1296 2783 1362 2848 sibi
1373 2797 1446 2864 quo·

343 2911 413 2977 que
428 2894 623 2974 subjectos.

429 2999 481 3063 2.⁰
528 2999 644 3082 Leges
658 2998 912 3081 disciplinatas
927 2995 1128 3077 Ecclesiae,
1144 2995 1231 3060 licet
1244 2997 1282 3060 in
1294 2997 1447 3078 sejustus

341 3107 425 3186 sint,
445 3123 560 3188 grave
578 3111 833 3170 nocumentum
852 3103 962 3168 alicui
990 3103 1101 3167 statui
1119 3103 1179 3166 vel
1208 3103 1381 3185 peculiari
1396 3119 1443 3164 ua·

341 3212 430 3276 tioni
447 3229 512 3295 per
529 3212 701 3276 accidens
717 3211 855 3277 inferre
873 3215 1021 3292 queunt;
1037 3209 1121 3274 binc
1137 3208 1338 3292 Principes,
1352 3223 1447 3272 causa
1496 3271 1497 3276 ,

340 3318 615 3401 Rempublicam
648 3317 785 3399 tuendi,
806 3316 1034 3400 cavendique
1051 3333 1098 3381 ne
1121 3317 1408 3399 perturbationes
1418 3317 1446 3376 et

341 3425 438 3490 mala
463 3425 681 3507 gravissima
711 3429 922 3506 sequantur,
941 3423 1211 3488 ecclesiasticas
1239 3418 1444 3488 constitutio·

341 3549 405 3598 nes
435 3531 671 3615 perscrutari,
699 3547 835 3613 suoque
861 3529 997 3610 judicio
1028 3529 1184 3595 subdere
1201 3530 1338 3612 valent,
1363 3530 1444 3592 ante·

341 3656 450 3722 quarn
468 3639 628 3719 ipsarum
659 3635 948 3717 acceptationem
978 3629 1015 3700 e't
1047 3636 1320 3701 exsecutionem
1336 3637 1370 3700 in
1384 3632 1446 3698 suis

341 3744 535 3808 ditionibus
550 3742 773 3825 permittant.
793 3741 870 3823 Age
879 3741 968 3823 jam,
983 3742 1030 3807 ad
1043 3742 1304 3808 removendum
1316 3741 1381 3808 hoo
1394 3756 1444 3822 pe·
1495 3795 1496 3808 ,

340 3851 492 3914 ticulum
512 3855 548 3914 et
564 3847 737 3930 possibile
756 3847 924 3912 damnum
938 3849 1167 3931 aRegalistis
1182 3847 1274 3914 adeo
1293 3849 1445 3932 ingrava-

341 3961 428 4039 tum,
447 3957 592 4021 minime
609 3973 759 4020 necesse
774 3961 828 4020 est
840 3955 1067 4038 Principibus
1081 3955 1225 4022 deferre
1242 3957 1445 4039 potestatem

341 4063 482 4126 interne
511 4063 727 4145 inspiclendi
754 4063 854 4144 leges
883 4063 1083 4146 Ecclesiae,
1111 4068 1147 4129 et
1175 4063 1220 4129 de
1253 4061 1443 4130 earumdem
1494 4123 1495 4162 3

338 4168 492 4248 ‚justitia
510 4171 729 4234 necessitato
746 4170 806 4234 vel
821 4170 976 4236 utilitate
985 4171 1187 4255 J'udicandi,
1203 4191 1285 4238 cum
1302 4173 1372 4238 alia
1384 4186 1443 4234 me·
1494 4187 1495 4260 ᾗ

342 4273 403 4338 dia
427 4274 636 4356 adaequata
651 4281 689 4340 ot
716 4277 925 4342 efficaciora
942 4279 1125 4361 supersint
1154 4296 1219 4362 pro
1238 4291 1444 4364 quocumque
1494 4271 1495 4314 ³
