3024 4994
785 365 964 426 -210-

314 509 491 592 ejusmodi
519 527 662 594 poenae
692 510 901 576 liberta-tem
935 512 1103 577 tollentes
1135 512 1196 577 vel
1230 511 1438 576 minuentes

303 631 307 644 ·
308 623 499 704 perpetuae
513 621 575 682 aut
593 619 798 702 temporales
812 617 978 684 deveniri
996 621 1143 702 queunt.

404 722 571 807 Denique
587 723 716 790 mixtae
733 711 992 807 nuncupantur
1005 724 1090 790 illae
1107 741 1250 808 poenae
1266 725 1439 808 spiritua·

314 829 381 912 les,
397 847 491 912 quae
507 845 573 912 par
587 846 814 912 consequens
831 831 1063 894 amissionem
1079 829 1234 912 alicuius
1248 829 1336 896 boni
1351 835 1438 894 tem·

314 937 453 1020 poralis
480 937 690 1020 important,
709 937 762 1001 sic
794 935 1020 1020 degradatis,
1055 937 1222 1020 quamvis
1256 937 1302 1002 sit
1336 953 1440 1002 mera

315 1061 435 1128 poena
450 1043 663 1126 spiritualis,
683 1043 793 1108 etiam
810 1043 1022 1126 praebenda
1036 1045 1210 1127 expoliat.

407 1150 482 1216 127.
532 1149 658 1231 Quoad
671 1155 839 1216 naturam
857 1151 1130 1217 ecclesiasticae
1149 1169 1303 1235 poenae,
1323 1150 1437 1232 inqui-

315 1256 467 1324 rendum
483 1261 650 1341 superest
668 1261 787 1324 utrum
804 1259 990 1324 canonicis
1008 1259 1134 1342 poenis
1153 1259 1275 1342 aptari
1294 1261 1331 1323 et
1354 1275 1435 1321 eon-

317 1366 444 1430 veuire
457 1371 593 1448 queant
610 1369 685 1430 tres
701 1365 791 1430 flues
804 1367 1010 1449 generales,
1025 1365 1086 1449 qui
1103 1365 1140 1430 in
1158 1366 1260 1431 civili
1283 1364 1435 1450 punitio·

316 1489 362 1538 ne
375 1471 618 1555 reperiuntur,
630 1473 781 1554 scilieet,
794 1473 1081 1554 correctionalis,
1095 1473 1316 1556 exemplaris
1325 1475 1433 1555 atque

317 1579 542 1662 expiatorias
567 1596 630 1644 seu
649 1579 907 1645 vindicativus.
928 1580 984 1644 Ad
1000 1579 1094 1645 hanc
1112 1581 1304 1663 praeviam
1327 1595 1433 1662 quae·

316 1685 469 1750 ationem
482 1688 584 1750 recte
595 1685 810 1751 solvendam
824 1687 1118 1752 animadvertere
1132 1704 1223 1770 opus
1237 1691 1293 1752 est
1307 1701 1433 1750 nomen

316 1791 489 1858 vindictae
503 1791 639 1873 duplici
655 1809 763 1856 seusu
780 1793 948 1874 usurpari
962 1809 1081 1874 possa,
1094 1793 1242 1878 proprie
1255 1794 1292 1856 et
1310 1794 1429 1875 impro-

311 1897 408 1983 pria·
419 1899 566 1983 proprie
583 1903 762 1981 quatenus
784 1899 955 1980 plectitur
987 1897 1160 1964 delictum
1177 1899 1259 1980 lege
1278 1895 1428 1975 talionis,

317 2003 369 2068 ita
386 2009 424 2068 ut
436 2002 614 2069 habeatur
632 2005 836 2088 aequalitas
854 2005 950 2069 inter
967 2006 1105 2070 crimen
1136 2009 1173 2070 et
1199 2005 1427 2088 punitionem

318 2112 508 2197 impropria
524 2114 703 2194 quatenus
721 2127 862 2192 poenae
880 2116 1028 2194 practer
1046 2111 1312 2176 correctionem
1325 2109 1429 2174 delin-

318 2219 461 2299 quentis
479 2217 664 2301 publicum
681 2219 887 2300 exemplum
921 2219 1100 2300 praebere
1132 2218 1333 2283 intendant:
1358 2217 1429 2299 jam

318 2341 421 2406 vero,
453 2323 562 2388 facile
593 2324 825 2390 concedimus
858 2325 1120 2407 poenalitatem
1149 2324 1429 2390 ecelesiasticam

318 2429 371 2496 sic
387 2436 565 2514 sumptam
586 2429 847 2498 vindicativam
867 2449 960 2516 esse;
990 2432 1055 2498 sed
1082 2449 1232 2515 prorsus
1264 2444 1429 2514 negamus

319 2536 515 2602 canonicas
528 2555 678 2623 poenae,
691 2539 798 2621 juxta
811 2539 976 2603 strictam
994 2539 1179 2604 vindictae
1193 2540 1384 2617 notionem,
1398 2540 1431 2596 et

320 2643 545 2727 expiatorias
562 2661 643 2710 esse
661 2649 697 2709 et
724 2645 971 2711 vindicativas
998 2647 1178 2711 nominari
1193 2663 1312 2729 posse,
1329 2641 1430 2726 siqui·

320 2751 402 2816 dem
415 2751 484 2817 hoc
502 2751 691 2817 Ecclesiae
708 2758 874 2834 naturae,
890 2752 1094 2818 sententiae
1121 2753 1281 2833 Petrum,
1314 2746 1430 2816 Conci-

319 2859 450 2924 liorum
468 2858 657 2924 doctrinae
675 2863 712 2923 et
732 2859 945 2924 Pontificum
978 2859 1182 2926 testimonio
1208 2858 1430 2924 adversatur.

409 2965 563 3030 Inflictio
580 2983 781 3048 poenarum
794 2983 905 3048 scopo
924 2966 1062 3031 directo
1081 2972 1118 3031 et
1144 2965 1294 3049 proprio
1324 2959 1434 3030 vindi·

320 3073 427 3138 cendi
461 3074 597 3138 crimen
630 3073 836 3156 opponitur:
855 3072 905 3138 1.⁰
933 3073 1122 3139 Ecclesiae
1150 3072 1276 3155 indoli;
1308 3068 1436 3136 etenim

320 3181 513 3246 societasa
530 3179 671 3246 Christo
686 3181 852 3247 instituta
869 3180 1024 3245 salutem
1058 3181 1242 3246 hominum
1273 3175 1435 3254 intendit,

320 3288 473 3372 ideoque
491 3288 626 3354 delicta
643 3291 747 3373 punit
760 3294 934 3374 quantum
948 3289 1101 3372 requirit
1114 3289 1213 3354 salus
1230 3287 1438 3371 delinquen-

321 3395 366 3460 tis
384 3401 420 3460 et
432 3397 629 3478 societatis,
644 3399 798 3480 scilicet,
818 3403 994 3480 quantum
1011 3413 1161 3462 necesse
1179 3402 1235 3462 est
1264 3397 1311 3461 ad
1340 3407 1439 3460 reum

322 3504 597 3586 emendandum,
617 3508 653 3568 et
670 3505 716 3569 ad
731 3509 899 3570 caeteros
916 3504 1154 3571 deterrendos
1172 3504 1219 3570 ab
1236 3507 1314 3587 ejus
1327 3502 1440 3568 imita·

322 3610 433 3692 tione;
452 3610 536 3676 hinc
550 3610 823 3677 ecclesiasticae
837 3629 979 3694 poenae
995 3611 1076 3676 linis
1103 3611 1239 3695 duplex
1256 3607 1442 3675 dumtaxat

322 3720 502 3803 assignari
520 3719 639 3800 debet,
659 3721 921 3784 corr-actionales
937 3725 1047 3802 atque
1060 3719 1283 3803 exemplaris:
1299 3715 1349 3782 2?
1361 3729 1440 3780 sen·

321 3827 458 3891 tentiae
473 3825 533 3892 SS.
553 3827 717 3907 Patrum3
737 3827 930 3893 brevitatis
947 3829 1080 3910 gratie,
1111 3845 1222 3892 unum
1256 3825 1441 3891 laudamus

322 3931 357 3997 S.
389 3931 603 4017 Gregorium
632 3932 816 4016 Magnum,
847 3935 908 4016 qui
935 3953 957 3998 a
987 3933 1022 3999 S.
1053 3934 1257 4017 Augustino
1289 3930 1438 4014 Angliac

322 4042 488 4122 apostolo
505 4041 753 4122 interrogatus
766 4040 811 4104 de
828 4059 947 4123 poena
961 4041 1033 4106 reis
1049 4041 1137 4106 iurti
1153 4040 1321 4122 sacrilegi
1347 4038 1435 4101 irro-

322 4148 444 4232 ganda
460 4149 497 4213 in
513 4146 747 4212 rescribendo
763 4165 940 4214 summam
948 4147 1261 4231 jurisprudentiae
1278 4144 1431 4212 crimina-

323 4257 367 4322 lis
378 4255 653 4322 ecclesiasticae
667 4254 828 4321 tradidit:
845 4277 888 4322 ea
900 4257 1075 4342 adjunctis
1087 4255 1426 4341 dip'udicaadamesae,
