3030 4990
528 402 705 459 -111-

79 545 169 611 blico:
183 543 208 630 ⁸)
224 544 309 630 quia
328 549 473 628 oportet
490 544 653 612 homines
672 544 894 610 adinvicem
920 561 1000 609 sese
1019 545 1182 611 excitare

79 652 115 715 ad
129 652 334 735 religionem
368 651 620 734 excolendam,
633 653 693 734 Jus
722 651 818 715 enirn
836 654 990 716 naturae
1019 651 1123 734 jubet
1146 652 1183 716 in

79 759 220 842 qualibet
229 759 412 824 hominum
426 759 712 842 congregatione
723 758 929 824 adsociatos
943 758 1012 824 sibi
1023 764 1182 823 mutuum

80 866 236 949 praebere
261 865 496 950 adjutorium,
531 866 627 950 quod
657 865 802 950 quidem
834 867 1002 931 naturale
1026 867 1182 931 officium
1264 883 1269 900 ·

80 975 273 1056 praesertim
292 979 411 1057 urget,
431 991 512 1040 curu
531 975 652 1057 agitur
669 974 714 1038 de
727 991 767 1038 re
786 974 943 1040 maxime
960 974 1181 1058 necessaria,

80 1081 259 1162 cujusmodi
291 1085 346 1147 est
370 1083 513 1166 religi03
531 1081 558 1168 b)
582 1082 668 1166 quia
697 1082 814 1146 cultus
844 1083 1009 1165 publicus
1033 1087 1184 1165 propter

79 1189 250 1253 multorum
281 1190 488 1272 exemplum
506 1189 670 1272 singulos
700 1187 746 1252 ad
764 1188 978 1254 exercitium
997 1189 1183 1272 religionis

79 1295 176 1378 magis
189 1299 367 1378 provocat
379 1314 488 1380 quam
501 1297 678 1380 privatus
691 1296 820 1360 minori
834 1296 1001 1361 efficacia
1015 1296 1182 1380 equidem

78 1402 201 1482 pollens
219 1409 370 1487 propter
386 1423 585 1488 paucorum
601 1404 745 1488 praxim
759 1404 822 1469 vel
840 1404 1023 1487 privatam
1038 1408 1184 1468 actuum

78 1510 288 1590 positionem.

152 1617 299 1684 Ratione
313 1619 423 1684 etiam
441 1621 596 1707 sabjecti,
613 1619 710 1684 Deus
724 1618 957 1684 honorandus
972 1623 1026 1683 est
1040 1616 1183 1701 publice

79 1725 116 1788 ab
131 1727 204 1808 ipsa
227 1728 416 1810 societate,
436 1731 615 1810 quatenus
633 1728 717 1792 talis
741 1730 808 1810 est,
828 1726 888 1792 vel
913 1726 1078 1790 omnibus
1097 1725 1184 1790 civi-

79 1831 132 1896 bus
158 1833 201 1898 ad
230 1839 334 1899 actus
364 1834 556 1914 religiosos
585 1835 900 1913 concurrentibus,
919 1833 979 1898 vel
1008 1833 1184 1898 aal'tema

79 1941 346 2024 magistratibus,
384 1941 725 2025 patribusfamilias,
745 1941 963 2024 primoribus
980 1939 1105 2023 populi
1122 1943 1185 2003 aut

81 2047 275 2126 quibusdam
293 2048 374 2112 aliis
403 2050 705 2134 repraesentatis;
725 2049 810 2132 quia
839 2048 932 2113 sicut
959 2048 1117 2112 humana
1134 2048 1183 2112 la·

80 2154 163 2219 milia
178 2173 240 2220 seu
257 2157 416 2222 societas
435 2157 636 2222 domestica
653 2175 675 2220 a
693 2156 771 2221 Deo
789 2159 856 2239 est,
875 2161 911 2219 et
940 2156 1057 2239 ipsum
1076 2173 1183 2238 agno-

80 2277 166 2326 scere
183 2263 289 2328 debet
307 2266 346 2328 ut
363 2281 466 2329 suurn
484 2269 684 2346 auctorem,
696 2264 747 2329 ita
765 2281 908 2346 quoque
925 2264 1081 2328 societas
1098 2262 1184 2326 civi·

79 2369 124 2450 lis,
141 2389 230 2454 quae
248 2371 337 2437 nihil
355 2373 453 2437 aliud
470 2379 525 2438 est
543 2391 650 2456 quam
667 2373 786 2437 forma
805 2372 970 2454 perfecta
999 2371 1185 2436 societatis

80 2475 294 2562 domesticae,
310 2480 604 2563 quandoquidem
617 2497 663 2544 ex
679 2479 843 2563 pluribus
858 2479 1025 2544 humanis
1038 2479 1185 2544 familiis

80 2585 246 2666 coalescit,
266 2609 289 2650 a
307 2585 384 2651 Deo
398 2586 555 2668 juridice
574 2575 692 2651 ortum
709 2587 831 2670 habet,
848 2595 957 2670 atque
971 2586 1089 2668 ipsum
1102 2604 1185 2651 con·

80 2690 158 2758 iteri
180 2700 215 2759 et
243 2694 400 2759 adorare
430 2698 573 2760 tenetur
598 2700 784 2777 tamquam
815 2695 1043 2777 primaevum
1070 2693 1185 2758 omnis

80 2800 199 2867 ordinis
217 2802 436 2886 principium
451 2821 494 2867 ao
507 2820 713 2887 supremum
728 2805 988 2886 cujuscumque
1003 2801 1185 2866 hominum

80 2909 328 2990 conjunctionis
346 2909 603 2976 institutorem.

155 3017 207 3083 56.
255 3017 311 3082 Ad
341 3019 538 3084 secundam
564 3017 814 3102 quaestionem
843 3018 941 3081 circa
966 3017 1184 3099 potestatem

83 3127 175 3206 atque
188 3125 269 3207 Jura
287 3125 494 3210 Principum
523 3143 590 3209 pro
622 3124 824 3190 ordinanda
842 3123 1019 3208 religione
1037 3140 1184 3188 versan-

85 3233 143 3297 tem
159 3235 250 3316 quod
266 3235 410 3316 attinet,
429 3234 725 3299 animadvertere
755 3237 901 3316 oportet
914 3231 1089 3314 ejusmodi
1103 3249 1181 3297 con·

86 3339 281 3406 troversiam
311 3359 409 3408 mere
436 3341 686 3428 hypotheticam
711 3343 747 3403 et
771 3341 1020 3424 speculativum
1045 3356 1124 3402 esse
1149 3338 1186 3402 in

84 3448 248 3524 praesenti
264 3465 386 3512 rerum
402 3447 622 3529 conditione,
642 3446 678 3511 id
706 3451 771 3528 est,
789 3452 873 3529 post
900 3444 1032 3510 Christi
1051 3444 1185 3509 adven·

83 3555 145 3618 tum
161 3561 194 3620 et
209 3555 397 3621 Ecclesiae
422 3556 698 3620 institutionem.
731 3554 925 3636 Quaeritur
943 3555 1050 3634 enim,
1076 3553 1107 3617 si
1124 3569 1186 3636 po·

83 3663 391 3728 stramarevelatio
417 3663 549 3728 mundo
578 3681 649 3727 non
668 3663 892 3744 essetfacta,
924 3679 992 3726 nec
1020 3659 1186 3725 Ecclesia

84 3768 246 3836 catholica
271 3771 399 3836 inisset
429 3772 638 3853 constituta,
659 3789 704 3835 ex
729 3771 812 3853 jure
839 3775 995 3835 naturae
1020 3771 1186 3854 quisnam

84 3878 284 3943 auctoritate
299 3879 485 3942 frueretur
510 3876 555 3942 ad
572 3877 768 3960 positivam
786 3876 973 3959 religionis
992 3875 1185 3940 ordinatio·

84 3997 164 4064 nem,
181 3985 452 4068 legitimamque
475 3986 593 4050 cultus
612 3985 747 4068 publici
763 3982 1120 4049 determinationem?

159 4089 241 4158 (ium
255 4093 410 4175 juristae
424 4093 595 4158 catholici
614 4093 724 4158 etiam
741 4093 989 4175 probatissimi
1020 4093 1115 4157 inter
1148 4112 1187 4159 se

87 4193 282 4266 dissentiant
313 4201 383 4266 hac
400 4219 510 4284 super
535 4219 588 4284 ra,
604 4200 771 4266 diversas
799 4201 1000 4266 sententias
1028 4218 1182 4284 expone·

88 4307 230 4388 ausilii
247 4307 479 4374 adhaerendo
498 4327 592 4393 quae
610 4307 714 4374 novis
733 4309 877 4374 videtur
909 4307 1100 4372 retinenda
1135 4313 1186 4373 ut·
