3024 4994
59 535 150 614 atque
176 533 377 606 solvendis:
412 538 562 599 cunctos
591 533 724 600 Christi
757 533 881 601 fideles
910 553 1073 601 seorsum
1101 537 1162 602 vel

59 640 260 720 conjunctim
277 642 315 706 in
342 641 411 706 lide
440 643 678 729 confirmanda
698 645 734 708 et
752 645 934 726 postremo
952 643 1161 710 universum

58 764 201 832 gregem,
220 750 293 814 tam
311 769 417 835 opaea
434 765 498 814 seu
516 749 700 832 simplices
724 749 861 833 fideles,
881 768 989 834 quam
1006 772 1084 818 ovea
1100 755 1162 818 aut

57 851 241 940 Episcopos
270 855 502 922 distributive
520 858 582 922 vel
599 857 792 924 collective
802 860 974 945 pascendi
989 863 1027 924 et
1050 859 1161 944 impe·

57 961 159 1026 randi.

129 1070 182 1134 29
229 1069 422 1152 Quaelibet
452 1071 622 1154 societas,
641 1075 805 1156 ternpore
823 1073 971 1138 definito
991 1077 1071 1138 orta
1088 1077 1124 1139 et
1140 1093 1163 1138 a

57 1178 235 1243 fundatore
248 1179 372 1260 agnito
400 1179 578 1261 instituta,
607 1179 762 1244 formam
777 1179 976 1264 -reglminis
996 1180 1160 1246 determi-

55 1291 164 1350 natam
177 1284 288 1350 habet
305 1303 369 1350 seu
386 1285 587 1369 subjectum
605 1287 810 1372 potestatis,
830 1287 925 1370 quod
941 1287 1020 1371 ipse
1040 1287 1161 1352 condi-

55 1397 101 1456 tor
114 1392 352 1475 oonstituerit;
367 1393 432 1458 sed
444 1394 601 1460 societas
614 1395 813 1461 christiana
829 1413 875 1460 ex
892 1395 989 1460 iacto
1004 1395 1160 1480 positivo

56 1501 218 1583 originem
232 1500 343 1582 ducit,
362 1500 546 1584 videlicet,
578 1520 624 1566 ex
641 1502 662 1566 J
665 1519 727 1566 esu
746 1501 880 1568 Christi
897 1503 1058 1568 adventu
1072 1503 1162 1568 divi·

55 1624 161 1689 neque
184 1607 263 1689 ejus
288 1607 527 1690 institutione;
556 1607 667 1691 igitur
699 1609 901 1692 subjectum
932 1609 1161 1675 auctoritatis

55 1715 187 1779 socialis
204 1719 345 1779 tantum
361 1715 450 1780 illud
467 1717 548 1798 erit,
567 1715 662 1800 quod
676 1717 755 1799 ipse
782 1715 943 1782 Christus
972 1715 1161 1782 Ecclesiae

56 1821 207 1886 conditor
222 1839 393 1904 suprema
417 1839 483 1886 sua
494 1823 684 1887 voluntate
699 1822 960 1906 designaverit.

132 1927 208 2010 Age
220 1929 310 2010 Jam,
328 1926 491 1994 Christus
508 1927 683 1993 Dominus
698 1931 759 1996 uni
776 1929 966 1994 dumtaxat
980 1929 1086 1994 Petro
1102 1947 1163 2012 po-

56 2037 210 2102 testatem
228 2052 435 2119 supremam
453 2040 489 2100 et
507 2035 747 2102 omnimodam
779 2037 1057 2102 tradidit—Tiar
1074 2037 1162 2102 doto

56 2142 156 2208 rhoea
171 2144 268 2230 repul
293 2145 476 2226 coeloram,
497 2143 686 2228 eidemque
703 2145 852 2228 insuper
869 2145 1022 2210 contulit
1040 2149 1161 2209 aucto·

55 2247 187 2314 ritatem
215 2251 363 2334 plenam
380 2255 415 2315 et
442 2251 688 2316 universalem
719 2252 756 2316 in
775 2253 963 2332 societate,
982 2271 1005 2316 a
1022 2269 1061 2316 se
1079 2268 1161 2316 con·

57 2352 280 2422 urta-rusca
292 2377 399 2442 cynos
410 2379 511 2440 meos,
525 2369 640 2422 Pasce
657 2380 733 2424 oves
750 2378 855 2424 meaa:
872 2357 1015 2440 exinde,
1032 2360 1163 2423 natura

56 2465 154 2544 atque
167 2463 394 2528 institutione
407 2463 520 2546 ipsius
534 2463 721 2530 Ecclesiae
735 2464 922 2549 spectatis,
937 2465 1024 2531 solie
1037 2464 1163 2530 Roma-

56 2569 102 2632 nie
125 2567 369 2654 Pontificibus,
388 2571 448 2654 qui
464 2571 570 2636 Petro
588 2571 625 2636 in
648 2571 809 2636 Primatu
826 2573 1038 2654 succedunt,
1068 2589 1161 2637 com-

56 2675 136 2754 petit
152 2677 350 2743 auctoritas
362 2696 525 2764 cupre-ma
542 2679 578 2742 in
595 2679 767 2760 regendo;
788 2678 942 2763 ideoque
956 2681 1038 2762 Jure
1057 2679 1160 2744 meri-

57 2789 86 2844 to
113 2784 294 2849 affirmare
339 2785 425 2851 licet
468 2785 661 2868 genuinam
705 2786 946 2852 ecclesiastici
977 2785 1162 2869 regiminis

56 2887 207 2972 formam,
227 2891 257 2956 si
274 2893 476 2976 subJectum
494 2910 687 2976 supremae
714 2895 907 2977 potestatis
935 2893 1159 2976 attendatur,

57 3011 128 3060 esse
143 3017 239 3064 mere
256 3000 538 3065 monarchioam.

135 3105 206 3171 173.
256 3105 312 3171 Ad
329 3106 529 3191 pleniorem
555 3106 806 3190 probationem
831 3107 1055 3173 characteris
1073 3124 1161 3172 vere

56 3214 266 3279 monarchici
294 3215 331 3278 in
355 3214 604 3280 ecclesiastico
622 3215 797 3298 regimine
816 3215 1040 3298 effulgentis,
1059 3215 1162 3279 nobis

57 3320 304 3386 ostendendum
337 3325 504 3404 superest
533 3323 751 3403 potestatem
780 3322 1022 3404 primatialem
1040 3321 1079 3387 B.
1099 3321 1162 3386 Pe·

57 3427 104 3487 tro
118 3427 263 3511 eJ'usque
281 3426 557 3492 Successoribus
573 3427 726 3492 Summis
739 3428 973 3493 Pontificibus
991 3427 1162 3492 collatam

58 3547 120 3594 uon
134 3535 236 3600 modo
255 3552 335 3599 esse
352 3555 548 3619 supremam
566 3535 774 3622 inrepeuda
790 3535 1041 3600 verumetiam
1058 3535 1162 3621 tafal-

57 3635 171 3705 libitam
199 3642 236 3705 in
260 3641 420 3724 docendo,
436 3641 608 3723 seuquod
632 3641 727 3705 idem
751 3645 817 3722 est,
833 3643 1021 3728 dopmatice
1045 3661 1162 3726 supre-

60 3763 148 3828 mam,
165 3750 204 3812 ut
227 3748 279 3812 ita
293 3747 471 3811 habeatur
500 3748 628 3830 plenus
646 3751 683 3812 et
711 3749 936 3831 adaequatus
966 3751 1162 3831 conceptus

59 3854 289 3934 supranotato,
307 3871 401 3936 quae
417 3871 566 3937 prorsus
580 3859 702 3918 rueret
726 3857 762 3918 et
779 3856 1029 3934 evanesceret,
1049 3852 1079 3916 si
1096 3852 1161 3917 Ro·

59 3971 172 4024 manus
187 3959 358 4024 Pontifex
376 3961 413 4024 in
431 3977 591 4025 errorem
617 3961 692 4025 labi
709 3966 745 4025 et
763 3979 784 4024 a
801 3960 981 4044 superiori
1009 3959 1162 4024 auctori-

60 4064 126 4126 tate
138 4067 267 4150 corrigi
291 4072 426 4149 posset.
447 4067 668 4152 Suprematio
698 4069 892 4153 doqmatioa
909 4085 972 4132 seu
989 4067 1162 4152 infallibi-

60 4167 131 4234 liter
152 4173 392 4238 Romanorum
419 4175 632 4238 Pontificum
665 4175 802 4256 pariter
832 4174 935 4239 nobis
968 4177 1111 4238 constat
1126 4175 1163 4236 in

62 4273 136 4341 iure
152 4278 297 4346 Publice
327 4299 373 4345 ex
391 4280 525 4363 duplici
544 4286 741 4344 memorato
759 4279 1004 4364 fundamento,
1023 4277 1163 4344 revela-
