3120 4988
811 410 967 467 ,16-

327 572 406 620 mur
430 554 613 619 notionem
643 554 853 637 genericam
882 555 1081 636 societatis,
1108 555 1344 622 constitutiva
1373 557 1454 640 ejus

327 663 522 744 elementa,
541 663 781 748 diversasque
809 665 964 748 species,
984 680 1077 746 quae
1107 665 1205 746 apud
1231 669 1454 731 tractatores

326 771 512 838 recenseri
525 771 657 836 solent.

414 878 577 944 Societas
596 879 765 950 humana.
784 877 828 943 de
843 895 916 962 qua
933 877 992 943 hic
1005 878 1198 962 loquimur,
1214 879 1454 944 communiter

327 987 507 1052 definitur:
537 985 760 1074 Conprcpntio
792 987 969 1053 lominum
991 987 1040 1052 ad
1067 989 1221 1053 cumdem
1246 990 1347 1074 finem
1364 1009 1451 1054 com·

326 1095 486 1160 munibus
503 1095 626 1159 mediis
642 1095 927 1178 consequendum.

418 1201 471 1266 17.
520 1201 575 1265 Ex
591 1202 672 1284 ipsa
691 1200 900 1265 definitione
917 1201 1081 1284 sequitur
1104 1205 1259 1284 quatuor
1283 1217 1363 1265 esse
1380 1200 1453 1264 ele-

327 1313 449 1374 menta
466 1309 681 1373 essentialia
698 1307 895 1390 cujuslibet
911 1307 1112 1390 societatis,
1130 1308 1314 1372 videlicet:
1335 1307 1453 1374 Multi·

327 1417 479 1482 tudinem
504 1433 569 1480 seu
596 1416 846 1498 pluralitatem
864 1416 1060 1498 hominurn,
1085 1417 1265 1481 Vinculum
1282 1421 1344 1479 aut
1368 1433 1451 1479 con·

323 1525 549 1607 junctionem
585 1523 760 1588 moralem
793 1523 888 1588 inter
921 1523 1083 1605 eosdem,
1114 1523 1235 1588 Finem
1267 1522 1313 1588 ad
1346 1541 1453 1606 quem

327 1632 551 1714 conspirant,
570 1635 608 1694 et
637 1631 755 1694 Medio
779 1629 827 1694 ad
854 1630 961 1694 finem
990 1628 1296 1712 consequendum:
1326 1648 1373 1695 ex
1398 1629 1453 1694 his

324 1745 480 1822 quatuor
497 1738 687 1802 elementis
711 1737 901 1802 Multitudo
926 1737 1110 1802 hominum
1127 1738 1275 1804 materia
1292 1736 1449 1802 societa-

327 1847 373 1910 tis
403 1845 548 1926 dicitur,
581 1844 723 1928 reliqua
755 1846 901 1910 nomine
926 1847 1064 1932 formos
1091 1843 1277 1927 designari
1303 1861 1453 1909 consue-

327 1955 448 2034 scunt,
463 1952 549 2035 quia
562 1952 598 2016 id
617 1953 856 2034 constituunt,
872 1951 969 2036 quod
982 1951 1221 2036 compositum
1234 1950 1303 2016 hoc
1315 1951 1455 2016 morale

327 2059 503 2142 efficiunt3
519 2060 583 2124 sed
601 2059 840 2125 tameniinis
857 2065 913 2124 est
930 2061 1169 2143 praecipuum
1181 2059 1401 2124 elementum
1417 2062 1454 2124 et

329 2170 528 2250 objectum,
546 2167 592 2232 ad
610 2168 706 2251 quod
723 2175 869 2233 caetera
886 2167 1051 2232 tendunt.

419 2273 471 2341 1.ο
516 2275 725 2358 Requiritnr
742 2277 930 2342 Multitudo
948 2275 1145 2358 hominum,
1162 2277 1269 2340 aliter
1282 2275 1378 2340 enim
1390 2275 1452 2340 ha·

12 2383 475 2463 „quassetur
498 2383 669 2465 solitudo,
688 2385 909 2466 segregatio,
929 2385 1106 2466 sejunctio
1122 2383 1183 2449 vel
1201 2382 1453 2468 quodcumque

328 2490 439 2567 aliud,
459 2491 606 2556 minime
622 2507 712 2556 vero
726 2491 884 2556 societas
902 2491 962 2556 vel
976 2491 1162 2555 adunatio.

417 2598 470 2662 2⁰
517 2597 725 2680 Requiritnr
757 2596 867 2662 etiam
891 2597 1072 2663 Vinculum
1105 2596 1255 2678 morale,
1282 2595 1352 2661 hoc
1383 2601 1451 2678 est,

328 2705 547 2770 simultanea
564 2704 752 2770 tendentia
765 2704 812 2770 ad
829 2703 995 2770 eumdem
1011 2704 1120 2769 linem
1132 2702 1399 2788 assequendum
1414 2709 1454 2768 nt

329 2813 440 2877 talem
456 2811 640 2893 cognitum
659 2829 703 2878 ac
720 2811 885 2894 volitum,
901 2812 1064 2895 alioquin
1078 2829 1146 2876 nec
1159 2811 1358 2876 consistere
1371 2829 1452 2895 pos·

328 2924 384 2984 set
402 2937 492 2984 vera
521 2920 716 2983 associatio
742 2925 778 2984 et
806 2921 1028 3002 conjunctio,
1054 2936 1123 2984 nec
1150 2919 1295 2984 adesset
1322 2918 1454 2988 mentis

329 3031 366 3090 et
382 3027 585 3092 voluntatis
604 3028 841 3109 conspiratio,
856 3045 950 3110 quae
967 3026 1014 3091 ad
1031 3027 1244 3093 societatem
1258 3026 1453 3091 humanam

329 3133 477 3216 proprie
507 3131 654 3214 dictam,
682 3131 823 3197 entibus
851 3133 1139 3216 intelligentibus
1168 3134 1451 3215 commeantem,

331 3257 478 3323 prorsus
492 3241 702 3305 necessaria
715 3244 782 3304 est.

419 3345 471 3411 3.⁰
517 3347 724 3429 Requiritnr
742 3347 872 3412 deinde
900 3349 1010 3430 Finis,
1029 3350 1125 3432 quia,
1146 3367 1227 3414 cum
1255 3349 1336 3414 linis
1353 3350 1400 3420 sit
1415 3350 1455 3416 id

330 3457 430 3540 cnjus
444 3455 560 3540 pratia
578 3455 714 3538 aliquid
734 3458 783 3542 fit,
803 3473 844 3519 eo
863 3455 941 3538 ipso
967 3457 1137 3538 princeps
1155 3457 1372 3522 elementum
1391 3473 1453 3540 pu-

330 3562 478 3626 tandum
493 3566 558 3642 est,
576 3563 671 3646 quod
690 3563 955 3627 multitudinem
969 3562 1152 3628 hominum
1171 3564 1307 3630 adunat
1319 3564 1356 3629 in
1369 3583 1452 3629 oon·

332 3669 552 3750 junctionem
581 3669 769 3751 moralem,
789 3670 1030 3752 coguitionem
1050 3670 1296 3736 determinans
1313 3673 1453 3755 appeti-

331 3777 538 3858 tionemque
556 3795 718 3859 movenS,
735 3783 773 3841 ut
790 3778 841 3840 ita
854 3777 984 3841 mentis
1002 3782 1037 3841 et
1054 3779 1211 3843 affectus
1230 3779 1452 3861 conspiratio

331 3889 516 3965 exsurgat.
533 3883 632 3948 Finis
650 3891 771 3949 autem
786 3884 894 3950 debet
913 3901 1005 3950 esse:
1022 3889 1048 3966 ⁸)
1067 3908 1157 3952 unus
1175 3887 1304 3951 saltem
1323 3886 1453 3951 collec-

331 3991 420 4071 tive,
440 4008 544 4054 secus
562 3991 592 4055 si
610 3991 690 4054 finis
709 3999 805 4056 esset
828 3991 1048 4075 disparatus,
1064 3995 1153 4058 socii
1173 4011 1245 4057 non
1262 3993 1454 4059 tenderent

332 4098 377 4162 ad
410 4098 517 4180 idem,
552 4098 706 4182 ideoque
738 4099 911 4165 deficeret
943 4101 1166 4184 conspiratio
1200 4107 1236 4166 et
1267 4101 1453 4168 vinculum

332 4205 513 4288 quoddam
543 4207 692 4288 morale3
711 4207 736 4288 b)
756 4209 943 4273 communis
967 4227 1032 4273 seu
1057 4210 1189 4274 bonum
1207 4209 1329 4293 aliquo
1347 4208 1452 4274 modo

333 4331 521 4380 commune
539 4316 659 4400 sociiS,
675 4316 909 4398 caeteroquin
927 4335 999 4382 non
1024 4323 1187 4384 exstaret
1204 4319 1373 4400 societas,
1389 4317 1454 4384 sed
