3030 4990
821 373 978 430 ..98-

341 535 422 584 cum
439 514 562 582 Status
576 517 659 599 jure
673 517 812 601 polleat
828 517 929 600 leges
946 516 1045 581 circa
1062 518 1251 600 praelatas
1284 535 1342 583 res
1371 525 1444 582 tern-

342 623 488 708 porales
506 623 697 706 condendi,
716 641 893 708 quasnam
911 623 1077 688 Ecclesia
1105 641 1256 690 servare
1280 627 1444 702 teneatur,

342 748 518 815 quasnam
537 747 626 796 vero
646 730 706 795 vel
722 747 909 813 spernere,
944 729 1004 795 vel
1028 731 1182 812 rejicere
1215 737 1324 815 atque
1351 732 1445 797 etiam

343 837 517 904 damnare
535 837 661 920 possit,
683 842 720 901 ut
737 837 805 902 sibi
838 837 999 903 vindicet
1017 856 1118 902 suam
1143 839 1444 922 independentiam

343 949 380 1010 ot
398 944 612 1010 indirectam
640 945 946 1028 superioritatem.
977 945 1045 1009 Pro
1075 945 1255 1011 solutione
1286 947 1445 1028 ejusmodi

344 1051 568 1136 quaestionis
596 1052 906 1134 praemonendum
938 1057 994 1118 est
1021 1051 1159 1118 Statum
1190 1055 1445 1138 triplexlegum

344 1159 505 1226 civilium
537 1177 651 1242 genus
680 1159 788 1226 edere
823 1179 941 1244 posse,
973 1161 1124 1243 scilicet,
1140 1161 1365 1226 necessarias
1395 1165 1446 1224 aut

345 1267 463 1350 utiles,
482 1267 628 1331 inutiles
646 1272 709 1332 ant
725 1285 912 1350 onerosas,
932 1271 1041 1351 atque
1054 1263 1208 1349 injustas
1241 1273 1303 1332 aut
1334 1269 1447 1333 noxias

345 1373 440 1439 bono
454 1374 648 1458 spirituali.

435 1479 486 1546 l.⁰
532 1481 649 1564 Leges
666 1483 882 1548 necessariae
914 1487 977 1547 aut
1010 1485 1111 1549 utiles
1128 1483 1313 1567 suscipere
1329 1503 1371 1549 ac
1386 1502 1446 1550 ser-

346 1609 436 1656 vare
469 1596 613 1655 tenetur
644 1589 823 1673 Ecclesia,
850 1608 892 1654 eo
927 1590 1023 1673 quod
1039 1593 1244 1674 acceptatio
1277 1597 1313 1657 et
1338 1611 1447 1657 earum

345 1698 581 1763 observantia
599 1715 670 1762 non
700 1699 874 1782 importat
893 1697 1173 1764 inferioritatem
1198 1699 1380 1766 societatis
1401 1717 1447 1764 ec-

347 1805 575 1870 clesiasticae
592 1809 760 1888 respectu
775 1805 1039 1887 jurisdictionis
1069 1810 1131 1871 aut
1163 1807 1336 1890 potestati
1363 1807 1448 1871 civili

347 1911 693 1995 subordinationem,
711 1913 774 1978 sed
792 1918 932 1977 tantum
949 1913 1131 1996 significat
1144 1915 1393 1978 necessitatem
1403 1931 1449 1978 re·

346 2037 425 2084 rum
439 2019 673 2100 obiectivam,
693 2037 786 2102 quae
801 2037 847 2083 ex
865 2021 1049 2102 aequitate
1067 2025 1103 2084 et
1138 2023 1241 2086 recta
1272 2021 1449 2086 concordia

348 2127 393 2191 ab
411 2125 576 2191 Ecclesia
594 2126 688 2192 hano
702 2126 1020 2208 prudentissimam
1039 2127 1171 2209 agendi
1202 2129 1376 2192 rationem
1400 2145 1449 2190 ex·

349 2233 715 2316 poscit,quippeilla,
746 2212 831 2298 dum
862 2234 963 2316 leges
996 2233 1124 2298 civiles
1148 2233 1247 2299 circa
1279 2253 1335 2300 res
1365 2251 1450 2298 mere

348 2339 568 2422 temporales
585 2344 777 2405 versantes
796 2345 832 2404 et
849 2340 910 2404 tini
927 2341 1108 2423 spirituali
1126 2359 1198 2406 non
1217 2340 1450 2406 contradicen-

349 2450 402 2510 tes
420 2445 699 2528 ampleetituret
713 2447 883 2527 custodit,
898 2451 999 2514 recte
1033 2451 1142 2530 atque
1171 2449 1353 2530 sapienter
1382 2463 1451 2511 sese

350 2552 455 2634 gerit,
473 2551 611 2616 Statum
641 2571 707 2635 pro
734 2555 991 2619 consecutione
1021 2555 1101 2620 finis
1128 2555 1338 2638 temporalis
1366 2555 1450 2634 adju-

350 2659 482 2741 vando,
502 2677 639 2743 suaque
648 2661 733 2742 jnra
748 2666 783 2725 et
800 2660 1121 2744 independentiam
1135 2661 1240 2726 simul
1259 2661 1398 2726 tuendo.

438 2765 490 2832 2⁰
536 2766 653 2850 Leges
670 2769 810 2833 inutiles
829 2773 891 2832 aut
907 2791 1071 2835 onerosos
1088 2771 1378 2852 praetermittere
1399 2771 1452 2830 aut

350 2878 583 2938 contemnere
597 2875 652 2938 ias
671 2878 725 2939 est
742 2873 932 2940 Ecclesiae
949 2881 1133 2958 tamquam
1160 2877 1327 2942 societati
1349 2875 1451 2959 perle-

351 2988 444 3064 ctae,
476 2982 640 3046 omnibus
665 2983 819 3064 juribus,
859 2983 1014 3048 cacteris
1047 2985 1282 3054 societatibus
1299 2982 1452 3069 perlectis

351 3089 651 3172 competentibus,
686 3095 851 3172 ornatam
887 3092 980 3156 sicut
1014 3093 1108 3156 enim
1138 3093 1291 3176 quaeris
1314 3093 1452 3158 societas

352 3196 514 3278 perfecta
529 3197 670 3260 ratione
685 3198 872 3278 materiae,
897 3201 984 3280 puta
998 3200 1051 3263 rei
1064 3201 1336 3282 propriassitae
1350 3199 1383 3264 in
1395 3203 1451 3262 ter-

352 3304 480 3371 ritorio
513 3305 663 3369 alterius
679 3306 865 3371 societatis
893 3307 953 3372 vel
972 3307 1142 3390 nationis,
1172 3307 1277 3390 hujus
1294 3309 1388 3389 leges
1409 3305 1454 3384 ju-

352 3415 428 3476 stas
446 3411 644 3476 observare
663 3416 818 3491 tenetur,
834 3414 898 3478 sed
916 3419 1044 3479 contra
1061 3415 1129 3480 sibi
1147 3433 1320 3481 onerosas
1332 3415 1387 3478 vel
1412 3413 1452 3475 in-

349 3519 507 3600 juriosas
521 3524 642 3602 potest
673 3520 809 3584 virtute
839 3523 1074 3605 aequalitatis
1099 3527 1135 3587 et
1167 3519 1453 3606 independentiae

350 3627 523 3706 jussuum
538 3628 706 3710 prosequi
725 3628 775 3709 vi,
796 3630 919 3712 armis,
935 3632 1150 3714 cunctisque
1167 3631 1294 3696 mediis
1319 3631 1453 3696 societu-

355 3735 400 3798 tis
410 3736 595 3818 perfectae
606 3737 775 3818 propriis;
791 3742 827 3802 et
840 3738 1141 3820 quemadmodum
1156 3740 1339 3822 principes
1353 3741 1453 3822 prote-

355 3859 441 3922 gere
458 3853 593 3923 queunt
625 3859 697 3907 non
729 3843 834 3908 modo
864 3863 1040 3928 personas
1070 3847 1294 3912 subditorum
1326 3857 1454 3909 auorum

356 3948 452 4029 apud
468 3956 626 4030 exteros,
645 3952 895 4016 verumetiam
914 3954 1022 4038 bona,
1042 3971 1136 4038 quae
1153 3953 1190 4018 in
1208 3953 1333 4018 iisdem
1350 3949 1454 4034 reguis

356 4053 503 4135 habeut,
519 4056 602 4137 quia
616 4063 699 4122 suut
712 4058 998 4141 independentes
1012 4069 1048 4126 et
1059 4063 1207 4144 proprio
1222 4059 1371 4145 imperio
1383 4073 1453 4140 gau·

358 4158 455 4238 dent;
474 4161 525 4224 ita
542 4163 650 4227 etiam
666 4164 831 4232 Ecclesia
847 4187 913 4233 sua
937 4170 1096 4251 juridica
1126 4173 1258 4234 natura
1289 4162 1453 4233 societatis

358 4265 572 4350 inaequalia,
592 4271 779 4351 perfectae
797 4281 907 4359 atque
939 4275 1218 4360 independentis
1236 4289 1402 4360 spernere
1426 4273 1454 4330 et
