3024 4994
790 389 969 446 -226-

322 540 507 620 postrema
525 533 641 600 verba
654 536 844 616 utramque
857 536 1076 616 potestatem
1094 532 1231 599 ordinis
1247 538 1285 600 et
1297 534 1438 616 Jurisdi-

322 641 452 708 ctiouis
479 639 698 724 significant,
728 644 838 722 atque
852 656 898 704 ex
911 638 1038 704 iisdem
1054 639 1240 724 colligitur
1252 639 1320 706 sub
1331 641 1438 706 uomi-

321 767 367 814 ue
385 748 504 816 clerici
516 747 645 813 venire
661 763 786 811 omnes
800 743 933 811 Christi
946 745 1130 812 ministros
1146 764 1169 811 a
1185 751 1373 814 tonsurato
1385 765 1439 812 us·
1506 801 1507 836 ,

322 845 391 940 que
406 854 452 920 ad
465 853 665 920 Romanum
681 852 905 918 Pontificem.

409 959 594 1042 Quatenus
608 960 787 1042 ordinata,
807 965 969 1043 potestas
987 958 1175 1024 Ecclesiae
1192 958 1331 1044 indiget
1353 963 1438 1026 tam·

321 1086 429 1154 quam
444 1067 621 1150 subjecto,
638 1067 673 1131 iu
690 1083 760 1150 quo
775 1065 946 1149 resideat,
966 1066 1118 1149 speciali
1142 1082 1297 1148 corpore
1323 1073 1438 1150 pasto·

320 1193 412 1258 rum,
432 1179 538 1240 coetu
552 1173 795 1239 determinato
811 1177 993 1238 rectorum
1007 1173 1067 1240 vel
1079 1172 1367 1256 magistratuum,
1382 1175 1440 1257 qui

321 1283 446 1348 fideles
476 1283 536 1349 vel
566 1282 732 1348 subditos
761 1285 916 1364 pascant
944 1285 1054 1364 atque
1083 1281 1255 1364 dirigant,
1284 1283 1438 1366 ipsisque

320 1393 511 1474 praeeant.
528 1388 632 1454 Nunc
649 1405 752 1470 vero,
771 1386 865 1452 haec
878 1388 1118 1453 nobillissima
1141 1387 1330 1454 Ecclesiae
1344 1407 1436 1472 pars,

321 1515 415 1581 quae
433 1495 583 1580 regendi
601 1499 711 1578 atque
724 1494 878 1560 docendi
897 1511 1046 1560 munere
1063 1493 1233 1577 praedita
1250 1501 1318 1578 est,
1351 1496 1437 1577 ejsrs-

321 1603 417 1671 modi
434 1607 559 1668 coetus
574 1600 783 1684 praesidum
800 1603 863 1664 aut
879 1601 1119 1684 superiorum,
1146 1603 1208 1685 qui
1225 1601 1361 1686 optime
1387 1620 1436 1667 re·
1507 1587 1508 1630 ³

322 1713 497 1790 ctoratus,
512 1708 783 1791 magistratum,
803 1707 1006 1790 imperium,
1033 1706 1248 1790 guberuium
1265 1709 1438 1774 nominari

321 1815 511 1900 potuisset,
540 1814 660 1897 potius
676 1817 887 1896 nuncupata
909 1818 964 1878 est
997 1811 1201 1895 clericatum
1230 1815 1362 1880 etenim
1387 1833 1437 1879 re·

322 1921 415 1987 ctius
433 1921 550 1986 visum
567 1924 623 1986 est
640 1919 837 2003 Apostolis,
856 1919 1024 1985 Patribus
1042 1927 1077 1985 et
1108 1919 1304 1986 universae
1321 1921 1436 1986 Tradi-

322 2027 412 2093 tioul
424 2028 519 2111 parti
547 2026 691 2092 docenti
707 2031 743 2091 et
756 2027 898 2110 regenti
912 2025 1100 2090 Ecclesiae
1113 2044 1177 2091 seu
1190 2027 1353 2108 subiecto
1370 2027 1434 2092 hie·

322 2133 763 2216 rarchiaejmisdictionis
782 2133 946 2198 eamdem
981 2133 1313 2200 denominationem
1330 2135 1435 2217 appli-

322 2258 420 2324 care,
440 2259 535 2324 quae
563 2241 638 2322 ‚iam
674 2240 844 2305 membris
876 2239 1105 2305 hierarchiae
1137 2239 1275 2306 ordinis
1306 2241 1435 2306 tributa
1508 2265 1509 2326 3

322 2350 454 2431 luerat,
480 2367 589 2432 quam
606 2365 741 2414 novam
768 2347 1048 2431 distinctumque
1077 2349 1361 2432 appellationem
1390 2349 1435 2412 iu·

323 2455 469 2521 ducere.

411 2561 482 2628 Sed
493 2561 754 2628 Ecclesiastico
772 2561 937 2628 Potestas
956 2581 1028 2629 nou
1052 2563 1168 2628 solum
1186 2565 1243 2628 est
1257 2563 1433 2642 clericatis,

326 2685 453 2736 verum
472 2670 582 2734 etiam
600 2690 688 2736 mere
704 2670 887 2751 clericalia,
917 2670 968 2734 uti
996 2674 1139 2735 constat
1156 2687 1202 2734 ex
1228 2667 1433 2754 Evangelio:

323 2777 532 2843 aicutmiaait
541 2797 593 2842 mc
606 2777 721 2858 Pater,
739 2784 770 2842 et
784 2798 841 2862 epo
851 2779 947 2843 mitto
961 2789 1195 2842 vos-EUNTus
1207 2797 1286 2862 erpo
1299 2790 1435 2842 Docnrn

327 2905 442 2950 omues
453 2891 684 2970 partes—vos
697 2881 852 2968 Spiritus
865 2881 1012 2947 Sanctus
1027 2883 1144 2966 posuit
1156 2884 1335 2968 episcopos
1354 2903 1434 2968 repe·

321 3011 359 3055 ra
377 2990 569 3056 Ecclesiam
587 2991 832 3074 Dei-pascite
845 2991 903 3072 qui
916 2990 953 3053 ia
966 3002 1076 3053 vocis
1090 2997 1139 3054 est
1151 3009 1285 3075 propera
1301 2990 1380 3070 Dci3
1395 3005 1434 3051 eu

323 3097 511 3162 Ecclesiae
542 3095 820 3160 definitionibus:
839 3095 878 3161 st
897 3097 973 3180 qaia
989 3097 1129 3178 dicerit,
1157 3117 1223 3179 eos,
1237 3097 1295 3182 pai
1313 3117 1370 3162 aer
1398 3096 1434 3160 ab

324 3203 556 3269 ecclesiastica
573 3211 604 3268 ct
621 3203 787 3270 canonica
805 3210 977 3288 potestate
994 3203 1061 3267 rita
1074 3215 1256 3268 (rantum
1271 3225 1333 3270 acc
1348 3213 1433 3268 Mlssl

323 3317 414 3392 aaut,
433 3309 645 3375 sodalitatis
658 3311 809 3392 veniant,
826 3309 995 3396 lepitimoa
1023 3331 1094 3374 aare
1126 3309 1226 3375 Verbi
1255 3317 1287 3376 et
1319 3308 1433 3375 Socra·

323 3424 512 3484 meatorum
529 3417 721 3496 Ministroa,
740 3416 923 3482 anathema
948 3420 993 3482 ait
1006 3416 1066 3500 (1);
1103 3433 1148 3481 ex
1177 3417 1258 3500 ipsa
1290 3417 1431 3482 ratione:

323 3541 407 3588 uam
420 3525 451 3588 si
468 3528 629 3607 potestas
642 3522 831 3588 Ecclesiae
844 3540 916 3587 nou
933 3529 1030 3588 esset
1048 3544 1137 3588 mere
1163 3524 1347 3606 clericatis,
1371 3523 1432 3587 ists

320 3631 397 3714 jam
415 3631 596 3696 desineret
612 3647 692 3694 essa
705 3630 861 3694 societas
871 3628 1028 3710 jnridicc
1041 3631 1219 3712 perfecta,
1237 3628 1432 3696 necessaria

325 3742 361 3802 et
374 3737 589 3820 inaequalis.

415 3843 490 3908 136.
539 3841 705 3906 Potestas
722 3841 911 3907 Ecclesiae
928 3845 1071 3909 ratione
1082 3845 1233 3930 sabjecti
1251 3847 1307 3908 est
1329 3840 1431 3906 Porti·

321 3951 402 4036 ficia
415 3955 525 4031 atque
541 3949 764 4032 Episcopatis
774 3949 857 4032 jure
882 3949 1005 4014 divino
1024 3953 1060 4014 et
1073 3951 1182 4031 juxta
1195 3949 1430 4014 fundamenta·

324 4055 395 4120 lem
409 4054 570 4136 ejusdem
587 4053 773 4120 Ecclesiae
788 4057 1096 4138 constitutionem,
1113 4057 1339 4122 diversorum
1364 4073 1430 4141 prc-

360 4211 510 4220 -----—-

393 4302 431 4369 (l)
468 4301 552 4354 Couc.
565 4299 638 4353 Trid.
655 4301 731 4354 dees.
747 4301 857 4368 XXIII,
871 4319 931 4356 can.
948 4303 1011 4358 VII.
