3146 4980
770 399 948 460 ..435-

298 548 416 612 uiuum
444 543 710 630 Episcoporum,
737 545 796 628 qui
823 565 867 610 ec
894 545 964 608 Dei
992 543 1216 627 dispositione
1244 542 1435 609 Summum

297 653 496 740 Pontificem
511 653 682 736 adiuuant
697 655 735 716 iu
747 653 977 718 ecclesiastico
994 653 1169 736 repemina
1186 650 1256 715 Pro
1273 651 1344 715 hac
1361 667 1428 716 ue·

298 761 409 826 ritate
427 759 583 824 militant
607 757 794 824 luculenta
809 757 946 824 Sacrae
970 755 1181 839 Scripturas
1198 758 1424 838 testimonia,

298 866 546 932 vetustissima
562 864 782 930 Traditionis
810 869 1043 930 monumenta
1067 868 1179 946 atque
1195 863 1432 928 validissima

298 973 481 1038 rationum
498 977 692 1036 momenta.

387 1079 464 1142 276.
513 1077 707 1162 Scriptura.
726 1075 762 1141 Si
780 1080 900 1140 textus
924 1076 1020 1140 sacri
1037 1075 1131 1140 Novi
1146 1075 1320 1140 Foederis
1338 1093 1423 1140 con·

298 1187 477 1266 sulantur,
505 1183 662 1266 undique
690 1189 726 1247 et
755 1184 946 1265 perspicue
975 1183 1133 1248 elucebit
1162 1181 1428 1264 episcopatum

297 1293 366 1358 Dei
391 1291 619 1356 ordinatione
644 1292 846 1355 institutum
875 1290 999 1370 fuisse,
1018 1291 1105 1372 quin
1133 1290 1245 1354 ullum
1273 1288 1424 1354 dubium

298 1417 490 1481 superesse
519 1398 634 1480 possit
651 1397 695 1462 de
720 1397 845 1460 divina
862 1395 1309 1462 institutione-Attendite
1325 1397 1432 1462 vohis

298 1509 331 1570 ei
362 1507 520 1570 uniuerso
547 1507 652 1590 prepi,
671 1505 708 1567 ia
725 1523 789 1586 quo
806 1523 865 1568 ocs
881 1501 1037 1586 Spiritus
1053 1501 1201 1568 Saucius
1213 1503 1332 1586 posuit
1349 1503 1421 1586 epi·

297 1632 417 1696 scopos
440 1631 555 1696 repere
573 1609 763 1674 Ecclesiam
779 1609 1027 1673 Dei-Pascite
1044 1611 1153 1692 quiin
1170 1609 1263 1673 uobis
1281 1615 1331 1672 est
1346 1629 1423 1693 pre-

296 1738 369 1803 pem
391 1718 467 1788 Dei,
483 1721 705 1798 quapropter
722 1714 858 1796 gradus
885 1715 1104 1797 episcopalis
1113 1715 1212 1801 juris
1228 1715 1341 1778 diuini
1366 1720 1432 1778 est

297 1825 375 1888 sive
394 1821 512 1904 quoad
530 1823 770 1886 hierarchiam
790 1819 948 1902 Ordinis,
965 1829 1072 1903 prout
1089 1821 1254 1886 definivit
1270 1819 1423 1884 Triden-

298 1931 374 1995 tina
399 1928 564 2009 Synodus
582 1946 722 1991 canone
741 1928 878 1992 centies
895 1927 1056 1992 laudato:
1078 1927 1116 1992 st
1134 1928 1210 2010 quis
1228 1928 1369 2007 dicer-ii,
1384 1928 1425 1990 ia

296 2035 454 2102 Ecclesia
474 2035 648 2104 Catholica
666 2057 733 2100 nou
751 2057 822 2100 esse
836 2035 1069 2101 hierarchiam
1082 2035 1202 2098 diuina
1221 2035 1425 2100 Ordinatio·

296 2165 338 2210 ue
366 2145 569 2224 institutam,
588 2164 673 2226 quae
702 2149 835 2208 coastat
862 2163 906 2207 ec
932 2143 1127 2226 Episcopia,
1145 2143 1371 2226 Presbyteris,
1389 2149 1431 2206 et

296 2251 486 2329 Miuisiris,
519 2251 701 2314 arralhema
730 2251 776 2313 sil
793 2249 853 2331 (l);
869 2248 947 2312 sive
961 2247 1079 2330 quoad
1099 2247 1339 2312 hierarchiam
1355 2248 1379 2310 J
1382 2267 1426 2310 u·

297 2357 531 2437 risdictioniS,
550 2357 644 2418 sicut
669 2355 800 2419 docent
818 2355 1018 2420 Tridentini
1036 2355 1175 2418 Patres:
1195 2353 1342 2418 Proinde
1359 2374 1420 2418 sa·

297 2472 457 2527 crosouta
475 2462 633 2546 Synodus
650 2463 815 2542 declarat,
828 2469 972 2546 praeter
988 2470 1138 2526 coeteros
1154 2461 1425 2526 Ecclesiasticos

295 2570 436 2654 prodas,
455 2581 667 2649 EP1SGOPOS,
687 2571 745 2652 qui
776 2569 814 2633 ia
842 2567 1086 2652 Apostolorum
1112 2569 1224 2632 iocum
1252 2585 1424 2630 successe·

295 2685 386 2756 ruat,
406 2677 451 2740 ad
468 2675 556 2738 huuc
580 2675 831 2739 hierarchicam
856 2675 1011 2739 ordinem
1024 2675 1215 2758 praecipue
1228 2674 1430 2756 pertineres

296 2790 327 2848 et
345 2784 489 2866 positos,
507 2783 595 2846 sicut
611 2781 702 2845 idem
718 2780 904 2864 Apostolus
932 2783 992 2861 ait,
1011 2801 1032 2844 a
1049 2779 1206 2864 Spiritus
1224 2779 1351 2849 Saucia
1367 2803 1424 2846 re-

294 2909 371 2974 pere
384 2889 576 2952 Ecclesiam
591 2887 791 2970 Dei,eosque
801 2887 1016 2972 Presbyteris
1029 2888 1225 2970 superiores
1239 2907 1344 2953 esse...
1359 2889 1429 2969 (2),

385 2993 548 3057 Christus
573 2994 682 3074 igitur
700 2993 889 3075 Episcopis
914 2993 1093 3056 commisit
1111 2991 1312 3057 Ecclesiam
1334 2995 1424 3074 jnre

296 3101 443 3181 proprio
463 3105 499 3162 et
525 3103 705 3180 potestate
722 3099 908 3163 ordinaria
935 3099 1131 3181 regendam
1148 3099 1227 3163 sive
1246 3099 1423 3184 mediate,

296 3206 375 3270 sive
403 3206 622 3288 immediate,
642 3207 727 3274 licet
746 3223 825 3270 cum
850 3206 1094 3288 dependentia
1111 3209 1174 3269 eut
1190 3207 1430 3287 subjectione

296 3310 416 3394 quoad
444 3313 657 3376 exercitium
687 3330 708 3375 a
738 3313 898 3375 Romano
926 3312 1112 3376 Pontifice.
1144 3311 1309 3376 Diximus
1336 3313 1427 3378 sive

295 3419 441 3483 mediate
458 3419 537 3481 sive
561 3420 766 3499 immediate,
797 3419 882 3501 quia
901 3419 969 3482 etsi
987 3437 1111 3482 omnes
1129 3419 1289 3500 theologi
1306 3426 1423 3502 atque

295 3525 507 3589 canonistne
525 3526 758 3606 conveniant,
779 3525 898 3606 quoad
928 3529 1146 3607 potestatem
1166 3525 1314 3606 ordinis,
1334 3543 1421 3590 earn

294 3631 430 3694 habere
448 3629 648 3712 Episcopus
678 3631 885 3694 immediate
901 3621 925 3694 'a
941 3630 1031 3711 Deo,
1051 3649 1123 3696 non
1151 3648 1275 3695 omnes
1292 3636 1426 3697 tamen

294 3738 374 3820 pari
392 3737 533 3800 ratlane
550 3736 586 3800 id
603 3737 720 3819 ipsum
748 3742 874 3801 tenent
891 3737 1010 3820 quoad
1039 3742 1256 3820 potestatem
1270 3738 1428 3818 jurisdi-

294 3845 435 3926 ctionIs3
454 3842 537 3907 dum
551 3845 646 3908 enim
663 3845 786 3927 plures
804 3850 913 3928 atque
930 3845 1147 3926 insigniores
1166 3863 1212 3910 ex
1230 3845 1318 3926 ipsis
1332 3863 1424 3912 con-

292 3950 445 4014 tendunt
469 3967 549 4014 eam
578 3949 778 4034 Episcopus
807 3969 829 4014 a
852 3949 997 4016 Summo
1027 3950 1204 4016 Pontiflce
1229 3952 1428 4036 derivare,

364 4222 401 4286 (1)
436 4222 509 4274 Sese.
524 4221 634 4289 XXIII,
645 4239 705 4276 can.
716 4224 764 4278 v1.

362 4293 399 4357 (2)
437 4292 505 4344 Ead.
518 4293 593 4346 Sese.
606 4309 666 4360 cap.
678 4295 728 4350 IV.
