<?xml version="1.0" encoding="UTF-8"?>
<!DOCTYPE html PUBLIC "-//W3C//DTD XHTML 1.0 Transitional//EN"
    "http://www.w3.org/TR/xhtml1/DTD/xhtml1-transitional.dtd">
<html xmlns="http://www.w3.org/1999/xhtml" xml:lang="en" lang="en">
 <head>
  <title>
</title>
<meta http-equiv="Content-Type" content="text/html;charset=utf-8" />
  <meta name='ocr-system' content='tesseract 3.04.00' />
  <meta name='ocr-capabilities' content='ocr_page ocr_carea ocr_par ocr_line ocrx_word'/>
</head>
<body>
  <div class='ocr_page' id='page_1' title='image "./juspublicumeccl01ferngoog_0337.png"; bbox 0 0 3034 4990; ppageno 0'>
   <div class='ocr_carea' id='block_1_1' title="bbox 819 397 996 458">
    <p class='ocr_par' dir='ltr' id='par_1_1' title="bbox 819 397 996 458">
     <span class='ocr_line' id='line_1_1' title="bbox 819 397 996 458; baseline 0.006 -1"><span class='ocrx_word' id='word_1_1' title='bbox 819 397 996 458; x_wconf 83' lang='lat'>-318-</span> 
     </span>
    </p>
   </div>
   <div class='ocr_carea' id='block_1_2' title="bbox 347 540 1462 1374">
    <p class='ocr_par' dir='ltr' id='par_1_2' title="bbox 347 540 1461 733">
     <span class='ocr_line' id='line_1_2' title="bbox 348 540 1461 630; baseline 0.002 -24"><span class='ocrx_word' id='word_1_2' title='bbox 348 557 466 630; x_wconf 88' lang='lat' dir='ltr'><strong>neque</strong></span> <span class='ocrx_word' id='word_1_3' title='bbox 481 541 639 608; x_wconf 87' lang='lat' dir='ltr'><strong>societas</strong></span> <span class='ocrx_word' id='word_1_4' title='bbox 657 542 803 608; x_wconf 89' lang='lat' dir='ltr'><strong>divinae</strong></span> <span class='ocrx_word' id='word_1_5' title='bbox 820 541 1040 608; x_wconf 89' lang='lat' dir='ltr'><strong>ordinationi</strong></span> <span class='ocrx_word' id='word_1_6' title='bbox 1052 544 1089 606; x_wconf 92' lang='lat' dir='ltr'><strong>et</strong></span> <span class='ocrx_word' id='word_1_7' title='bbox 1101 558 1293 625; x_wconf 86' lang='lat' dir='ltr'><strong>supremae</strong></span> <span class='ocrx_word' id='word_1_8' title='bbox 1318 540 1461 608; x_wconf 84' lang='lat' dir='ltr'><strong>Creato-</strong></span> 
     </span>
     <span class='ocr_line' id='line_1_3' title="bbox 347 649 1276 733; baseline -0.005 -14"><span class='ocrx_word' id='word_1_9' title='bbox 347 653 398 719; x_wconf 91' lang='lat' dir='ltr'><strong>ris</strong></span> <span class='ocrx_word' id='word_1_10' title='bbox 415 649 597 717; x_wconf 84' lang='lat' dir='ltr'><strong>voluntati</strong></span> <span class='ocrx_word' id='word_1_11' title='bbox 612 650 785 716; x_wconf 81' lang='lat' dir='ltr'><strong>resistere</strong></span> <span class='ocrx_word' id='word_1_12' title='bbox 801 655 864 716; x_wconf 88' lang='lat' dir='ltr'><strong>eut</strong></span> <span class='ocrx_word' id='word_1_13' title='bbox 880 649 1132 716; x_wconf 79' lang='lat' dir='ltr'><strong>contradicere</strong></span> <span class='ocrx_word' id='word_1_14' title='bbox 1144 654 1276 733; x_wconf 90' lang='lat' dir='ltr'><strong>potest.</strong></span> 
     </span>
    </p>

    <p class='ocr_par' dir='ltr' id='par_1_3' title="bbox 347 757 1462 1374">
     <span class='ocr_line' id='line_1_4' title="bbox 436 757 1461 840; baseline -0.001 -17"><span class='ocrx_word' id='word_1_15' title='bbox 436 757 563 840; x_wconf 79' lang='lat' dir='ltr'><strong>Quoad</strong></span> <span class='ocrx_word' id='word_1_16' title='bbox 581 758 748 840; x_wconf 87' lang='lat' dir='ltr'><strong>alterum,</strong></span> <span class='ocrx_word' id='word_1_17' title='bbox 764 759 871 840; x_wconf 87' lang='lat' dir='ltr'><strong>juxta</strong></span> <span class='ocrx_word' id='word_1_18' title='bbox 891 759 1041 840; x_wconf 86' lang='lat' dir='ltr'><strong>juristae</strong></span> <span class='ocrx_word' id='word_1_19' title='bbox 1074 757 1286 839; x_wconf 88' lang='lat' dir='ltr'><strong>catholicos,</strong></span> <span class='ocrx_word' id='word_1_20' title='bbox 1316 763 1461 840; x_wconf 88' lang='lat' dir='ltr'><strong>antepo·</strong></span> 
     </span>
     <span class='ocr_line' id='line_1_5' title="bbox 348 864 1462 948; baseline -0.003 -14"><span class='ocrx_word' id='word_1_21' title='bbox 348 865 469 943; x_wconf 87' lang='lat' dir='ltr'><strong>nenda</strong></span> <span class='ocrx_word' id='word_1_22' title='bbox 486 869 541 932; x_wconf 90' lang='lat' dir='ltr'><strong>est</strong></span> <span class='ocrx_word' id='word_1_23' title='bbox 559 865 803 948; x_wconf 78' lang='lat' dir='ltr'><strong>competentia</strong></span> <span class='ocrx_word' id='word_1_24' title='bbox 820 864 917 929; x_wconf 89' lang='lat' dir='ltr'><strong>illius</strong></span> <span class='ocrx_word' id='word_1_25' title='bbox 941 864 1139 946; x_wconf 88' lang='lat' dir='ltr'><strong>societatis,</strong></span> <span class='ocrx_word' id='word_1_26' title='bbox 1170 881 1263 948; x_wconf 88' lang='lat' dir='ltr'><strong>quae</strong></span> <span class='ocrx_word' id='word_1_27' title='bbox 1294 864 1462 931; x_wconf 85' lang='lat' dir='ltr'><strong>adfinem</strong></span> 
     </span>
     <span class='ocr_line' id='line_1_6' title="bbox 347 969 1461 1057; baseline -0.003 -18"><span class='ocrx_word' id='word_1_28' title='bbox 347 972 571 1057; x_wconf 90' lang='lat' dir='ltr'><strong>superiorem</strong></span> <span class='ocrx_word' id='word_1_29' title='bbox 589 977 625 1037; x_wconf 93' lang='lat' dir='ltr'><strong>et</strong></span> <span class='ocrx_word' id='word_1_30' title='bbox 642 972 806 1036; x_wconf 87' lang='lat' dir='ltr'><strong>absolute</strong></span> <span class='ocrx_word' id='word_1_31' title='bbox 823 971 1070 1036; x_wconf 89' lang='lat' dir='ltr'><strong>necessarium</strong></span> <span class='ocrx_word' id='word_1_32' title='bbox 1084 969 1212 1048; x_wconf 73' lang='lat' dir='ltr'><strong>tendit,</strong></span> <span class='ocrx_word' id='word_1_33' title='bbox 1228 970 1292 1035; x_wconf 90' lang='lat' dir='ltr'><strong>sed</strong></span> <span class='ocrx_word' id='word_1_34' title='bbox 1305 989 1386 1036; x_wconf 88' lang='lat' dir='ltr'><strong>curn</strong></span> <span class='ocrx_word' id='word_1_35' title='bbox 1399 971 1461 1036; x_wconf 82' lang='lat' dir='ltr'><strong>Ec-</strong></span> 
     </span>
     <span class='ocr_line' id='line_1_7' title="bbox 348 1075 1460 1160; baseline -0.002 -16"><span class='ocrx_word' id='word_1_36' title='bbox 348 1078 461 1144; x_wconf 86' lang='lat' dir='ltr'><strong>clesia</strong></span> <span class='ocrx_word' id='word_1_37' title='bbox 477 1077 658 1142; x_wconf 90' lang='lat' dir='ltr'><strong>hominem</strong></span> <span class='ocrx_word' id='word_1_38' title='bbox 676 1075 853 1142; x_wconf 87' lang='lat' dir='ltr'><strong>advitam</strong></span> <span class='ocrx_word' id='word_1_39' title='bbox 871 1083 1059 1142; x_wconf 80' lang='lat' dir='ltr'><strong>aeternam</strong></span> <span class='ocrx_word' id='word_1_40' title='bbox 1076 1076 1196 1158; x_wconf 88' lang='lat' dir='ltr'><strong>ducat,</strong></span> <span class='ocrx_word' id='word_1_41' title='bbox 1222 1077 1292 1160; x_wconf 91' lang='lat' dir='ltr'><strong>ipsi</strong></span> <span class='ocrx_word' id='word_1_42' title='bbox 1323 1095 1460 1160; x_wconf 90' lang='lat' dir='ltr'><strong>compe·</strong></span> 
     </span>
     <span class='ocr_line' id='line_1_8' title="bbox 347 1182 1460 1267; baseline -0.003 -18"><span class='ocrx_word' id='word_1_43' title='bbox 347 1185 390 1249; x_wconf 89' lang='lat' dir='ltr'><strong>tit</strong></span> <span class='ocrx_word' id='word_1_44' title='bbox 403 1184 503 1267; x_wconf 85' lang='lat' dir='ltr'><strong>price</strong></span> <span class='ocrx_word' id='word_1_45' title='bbox 522 1183 715 1266; x_wconf 80' lang='lat' dir='ltr'><strong>disponere</strong></span> <span class='ocrx_word' id='word_1_46' title='bbox 728 1199 772 1248; x_wconf 87' lang='lat' dir='ltr'><strong>aa</strong></span> <span class='ocrx_word' id='word_1_47' title='bbox 789 1182 979 1248; x_wconf 89' lang='lat' dir='ltr'><strong>moderare</strong></span> <span class='ocrx_word' id='word_1_48' title='bbox 996 1182 1117 1248; x_wconf 91' lang='lat' dir='ltr'><strong>omnia</strong></span> <span class='ocrx_word' id='word_1_49' title='bbox 1134 1201 1228 1266; x_wconf 88' lang='lat' dir='ltr'><strong>quae</strong></span> <span class='ocrx_word' id='word_1_50' title='bbox 1248 1182 1294 1247; x_wconf 92' lang='lat' dir='ltr'><strong>ad</strong></span> <span class='ocrx_word' id='word_1_51' title='bbox 1317 1183 1377 1264; x_wconf 90' lang='lat' dir='ltr'><strong>jus</strong></span> <span class='ocrx_word' id='word_1_52' title='bbox 1403 1183 1460 1246; x_wconf 93' lang='lat' dir='ltr'><strong>hu·</strong></span> 
     </span>
     <span class='ocr_line' id='line_1_9' title="bbox 347 1290 1461 1374; baseline -0.003 -16"><span class='ocrx_word' id='word_1_53' title='bbox 347 1309 492 1358; x_wconf 83' lang='lat' dir='ltr'><strong>manum</strong></span> <span class='ocrx_word' id='word_1_54' title='bbox 510 1295 690 1374; x_wconf 88' lang='lat' dir='ltr'><strong>spectant,</strong></span> <span class='ocrx_word' id='word_1_55' title='bbox 708 1291 835 1358; x_wconf 90' lang='lat' dir='ltr'><strong>eadem</strong></span> <span class='ocrx_word' id='word_1_56' title='bbox 849 1291 897 1357; x_wconf 82' lang='lat' dir='ltr'><strong>ad</strong></span> <span class='ocrx_word' id='word_1_57' title='bbox 909 1291 1016 1356; x_wconf 88' lang='lat' dir='ltr'><strong>finem</strong></span> <span class='ocrx_word' id='word_1_58' title='bbox 1041 1309 1144 1356; x_wconf 91' lang='lat' dir='ltr'><strong>suum</strong></span> <span class='ocrx_word' id='word_1_59' title='bbox 1172 1290 1374 1357; x_wconf 90' lang='lat' dir='ltr'><strong>ordinando</strong></span> <span class='ocrx_word' id='word_1_60' title='bbox 1387 1293 1461 1356; x_wconf 85' lang='lat' dir='ltr'><strong>sive</strong></span> 
     </span>
    </p>
   </div>
   <div class='ocr_carea' id='block_1_3' title="bbox 346 1398 1460 2024">
    <p class='ocr_par' dir='ltr' id='par_1_4' title="bbox 346 1398 1460 2024">
     <span class='ocr_line' id='line_1_10' title="bbox 346 1398 1460 1484; baseline -0.004 -18"><span class='ocrx_word' id='word_1_61' title='bbox 346 1400 497 1484; x_wconf 88' lang='lat' dir='ltr'><strong>directe,</strong></span> <span class='ocrx_word' id='word_1_62' title='bbox 528 1403 559 1466; x_wconf 91' lang='lat' dir='ltr'><strong>si</strong></span> <span class='ocrx_word' id='word_1_63' title='bbox 577 1401 781 1484; x_wconf 79' lang='lat' dir='ltr'><strong>spiritualia</strong></span> <span class='ocrx_word' id='word_1_64' title='bbox 810 1399 893 1482; x_wconf 90' lang='lat' dir='ltr'><strong>sint,</strong></span> <span class='ocrx_word' id='word_1_65' title='bbox 912 1400 991 1466; x_wconf 88' lang='lat' dir='ltr'><strong>sive</strong></span> <span class='ocrx_word' id='word_1_66' title='bbox 1008 1398 1197 1482; x_wconf 90' lang='lat' dir='ltr'><strong>indirecte,</strong></span> <span class='ocrx_word' id='word_1_67' title='bbox 1228 1398 1259 1463; x_wconf 88' lang='lat' dir='ltr'><strong>si</strong></span> <span class='ocrx_word' id='word_1_68' title='bbox 1284 1403 1460 1482; x_wconf 86' lang='lat' dir='ltr'><strong>tempore·</strong></span> 
     </span>
     <span class='ocr_line' id='line_1_11' title="bbox 346 1505 1459 1574; baseline -0.005 0"><span class='ocrx_word' id='word_1_69' title='bbox 346 1509 397 1574; x_wconf 88' lang='lat' dir='ltr'><strong>lia</strong></span> <span class='ocrx_word' id='word_1_70' title='bbox 416 1509 563 1574; x_wconf 82' lang='lat' dir='ltr'><strong>fuerint:</strong></span> <span class='ocrx_word' id='word_1_71' title='bbox 598 1512 635 1573; x_wconf 92' lang='lat' dir='ltr'><strong>et</strong></span> <span class='ocrx_word' id='word_1_72' title='bbox 665 1508 778 1573; x_wconf 91' lang='lat' dir='ltr'><strong>semel</strong></span> <span class='ocrx_word' id='word_1_73' title='bbox 812 1506 986 1572; x_wconf 89' lang='lat' dir='ltr'><strong>ordinatis</strong></span> <span class='ocrx_word' id='word_1_74' title='bbox 1018 1506 1127 1572; x_wconf 90' lang='lat' dir='ltr'><strong>rebus</strong></span> <span class='ocrx_word' id='word_1_75' title='bbox 1157 1507 1194 1570; x_wconf 91' lang='lat' dir='ltr'><strong>iu</strong></span> <span class='ocrx_word' id='word_1_76' title='bbox 1225 1505 1333 1570; x_wconf 87' lang='lat' dir='ltr'><strong>finem</strong></span> <span class='ocrx_word' id='word_1_77' title='bbox 1350 1508 1459 1570; x_wconf 87' lang='lat' dir='ltr'><strong>aeter-</strong></span> 
     </span>
     <span class='ocr_line' id='line_1_12' title="bbox 346 1613 1458 1698; baseline -0.005 -16"><span class='ocrx_word' id='word_1_78' title='bbox 346 1634 443 1698; x_wconf 91' lang='lat' dir='ltr'><strong>num,</strong></span> <span class='ocrx_word' id='word_1_79' title='bbox 486 1619 572 1681; x_wconf 90' lang='lat' dir='ltr'><strong>tunc</strong></span> <span class='ocrx_word' id='word_1_80' title='bbox 606 1615 784 1698; x_wconf 88' lang='lat' dir='ltr'><strong>incipiunt</strong></span> <span class='ocrx_word' id='word_1_81' title='bbox 828 1613 989 1679; x_wconf 86' lang='lat' dir='ltr'><strong>ordinari</strong></span> <span class='ocrx_word' id='word_1_82' title='bbox 1021 1613 1068 1678; x_wconf 87' lang='lat' dir='ltr'><strong>ad</strong></span> <span class='ocrx_word' id='word_1_83' title='bbox 1099 1614 1188 1678; x_wconf 88' lang='lat' dir='ltr'><strong>lines</strong></span> <span class='ocrx_word' id='word_1_84' title='bbox 1230 1614 1458 1695; x_wconf 84' lang='lat' dir='ltr'><strong>temporales,</strong></span> 
     </span>
     <span class='ocr_line' id='line_1_13' title="bbox 347 1719 1459 1806; baseline -0.005 -18"><span class='ocrx_word' id='word_1_85' title='bbox 347 1739 437 1806; x_wconf 90' lang='lat' dir='ltr'><strong>quos</strong></span> <span class='ocrx_word' id='word_1_86' title='bbox 470 1726 574 1787; x_wconf 91' lang='lat' dir='ltr'><strong>curat</strong></span> <span class='ocrx_word' id='word_1_87' title='bbox 607 1721 726 1787; x_wconf 89' lang='lat' dir='ltr'><strong>civilis</strong></span> <span class='ocrx_word' id='word_1_88' title='bbox 756 1721 967 1801; x_wconf 82' lang='lat' dir='ltr'><strong>auctoritas3</strong></span> <span class='ocrx_word' id='word_1_89' title='bbox 998 1720 1082 1785; x_wconf 90' lang='lat' dir='ltr'><strong>hinc</strong></span> <span class='ocrx_word' id='word_1_90' title='bbox 1113 1719 1340 1785; x_wconf 89' lang='lat' dir='ltr'><strong>notissimum</strong></span> <span class='ocrx_word' id='word_1_91' title='bbox 1368 1719 1459 1784; x_wconf 88' lang='lat' dir='ltr'><strong>axio·</strong></span> 
     </span>
     <span class='ocr_line' id='line_1_14' title="bbox 346 1826 1458 1913; baseline -0.004 -19"><span class='ocrx_word' id='word_1_92' title='bbox 346 1846 406 1894; x_wconf 90' lang='lat' dir='ltr'><strong>ma</strong></span> <span class='ocrx_word' id='word_1_93' title='bbox 420 1828 825 1910; x_wconf 88' lang='lat' dir='ltr'><strong>juridico-catholicum:</strong></span> <span class='ocrx_word' id='word_1_94' title='bbox 855 1827 978 1913; x_wconf 76' lang='lat' dir='ltr'><strong>incipit</strong></span> <span class='ocrx_word' id='word_1_95' title='bbox 993 1826 1164 1912; x_wconf 79' lang='lat' dir='ltr'><strong>lepirlatr&#39;o</strong></span> <span class='ocrx_word' id='word_1_96' title='bbox 1181 1827 1306 1908; x_wconf 80' lang='lat' dir='ltr'><strong>ciuilio,</strong></span> <span class='ocrx_word' id='word_1_97' title='bbox 1331 1827 1389 1891; x_wconf 83' lang='lat' dir='ltr'><strong>abi</strong></span> <span class='ocrx_word' id='word_1_98' title='bbox 1410 1826 1458 1890; x_wconf 82' lang='lat' dir='ltr'><strong>da·</strong></span> 
     </span>
     <span class='ocr_line' id='line_1_15' title="bbox 346 1931 1459 2024; baseline -0.006 -22"><span class='ocrx_word' id='word_1_99' title='bbox 346 1937 503 2024; x_wconf 79' lang='lat' dir='ltr'><strong>eiaitjae</strong></span> <span class='ocrx_word' id='word_1_100' title='bbox 531 1937 745 2002; x_wconf 78' lang='lat' dir='ltr'><strong>cononicam.</strong></span> <span class='ocrx_word' id='word_1_101' title='bbox 770 1935 791 2000; x_wconf 90' lang='lat' dir='ltr'><strong>J</strong></span> <span class='ocrx_word' id='word_1_102' title='bbox 795 1935 930 2000; x_wconf 88' lang='lat' dir='ltr'><strong>uristae</strong></span> <span class='ocrx_word' id='word_1_103' title='bbox 962 1951 1050 1999; x_wconf 90' lang='lat' dir='ltr'><strong>vero</strong></span> <span class='ocrx_word' id='word_1_104' title='bbox 1068 1933 1291 1999; x_wconf 85' lang='lat' dir='ltr'><strong>recentiores</strong></span> <span class='ocrx_word' id='word_1_105' title='bbox 1314 1933 1376 2015; x_wconf 92' lang='lat' dir='ltr'><strong>qui</strong></span> <span class='ocrx_word' id='word_1_106' title='bbox 1389 1931 1459 1996; x_wconf 88' lang='lat' dir='ltr'><strong>Ste-</strong></span> 
     </span>
    </p>
   </div>
   <div class='ocr_carea' id='block_1_4' title="bbox 338 2041 1459 4380">
    <p class='ocr_par' dir='ltr' id='par_1_5' title="bbox 338 2041 1459 3308">
     <span class='ocr_line' id='line_1_16' title="bbox 347 2041 1458 2128; baseline -0.005 -19"><span class='ocrx_word' id='word_1_107' title='bbox 347 2045 532 2110; x_wconf 88' lang='lat' dir='ltr'><strong>tolatriam</strong></span> <span class='ocrx_word' id='word_1_108' title='bbox 550 2044 778 2128; x_wconf 85' lang='lat' dir='ltr'><strong>profitentur,</strong></span> <span class='ocrx_word' id='word_1_109' title='bbox 798 2046 834 2108; x_wconf 93' lang='lat' dir='ltr'><strong>et</strong></span> <span class='ocrx_word' id='word_1_110' title='bbox 862 2059 993 2125; x_wconf 85' lang='lat' dir='ltr'><strong>reapse</strong></span> <span class='ocrx_word' id='word_1_111' title='bbox 1024 2041 1090 2107; x_wconf 92' lang='lat' dir='ltr'><strong>sub</strong></span> <span class='ocrx_word' id='word_1_112' title='bbox 1108 2041 1253 2107; x_wconf 83' lang='lat' dir='ltr'><strong>diverso</strong></span> <span class='ocrx_word' id='word_1_113' title='bbox 1285 2041 1370 2106; x_wconf 83' lang='lat' dir='ltr'><strong>fuco</strong></span> <span class='ocrx_word' id='word_1_114' title='bbox 1387 2057 1458 2105; x_wconf 82' lang='lat' dir='ltr'><strong>ver·</strong></span> 
     </span>
     <span class='ocr_line' id='line_1_17' title="bbox 346 2147 1459 2232; baseline -0.004 -16"><span class='ocrx_word' id='word_1_115' title='bbox 346 2151 474 2216; x_wconf 90' lang='lat' dir='ltr'><strong>borum</strong></span> <span class='ocrx_word' id='word_1_116' title='bbox 518 2168 646 2218; x_wconf 87' lang='lat' dir='ltr'><strong>veram</strong></span> <span class='ocrx_word' id='word_1_117' title='bbox 677 2149 865 2215; x_wconf 82' lang='lat' dir='ltr'><strong>Ecclesiae</strong></span> <span class='ocrx_word' id='word_1_118' title='bbox 910 2149 1169 2232; x_wconf 88' lang='lat' dir='ltr'><strong>suprematiam</strong></span> <span class='ocrx_word' id='word_1_119' title='bbox 1216 2147 1459 2212; x_wconf 88' lang='lat' dir='ltr'><strong>detrectantur</strong></span> 
     </span>
     <span class='ocr_line' id='line_1_18' title="bbox 348 2253 1457 2337; baseline -0.005 -14"><span class='ocrx_word' id='word_1_120' title='bbox 348 2258 673 2337; x_wconf 89' lang='lat' dir='ltr'><strong>velcontemnunt‚</strong></span> <span class='ocrx_word' id='word_1_121' title='bbox 708 2261 923 2322; x_wconf 87' lang='lat' dir='ltr'><strong>asseverant</strong></span> <span class='ocrx_word' id='word_1_122' title='bbox 956 2256 1003 2320; x_wconf 89' lang='lat' dir='ltr'><strong>ad</strong></span> <span class='ocrx_word' id='word_1_123' title='bbox 1035 2254 1174 2320; x_wconf 86' lang='lat' dir='ltr'><strong>Statum</strong></span> <span class='ocrx_word' id='word_1_124' title='bbox 1205 2255 1288 2336; x_wconf 91' lang='lat' dir='ltr'><strong>jure</strong></span> <span class='ocrx_word' id='word_1_125' title='bbox 1317 2253 1457 2336; x_wconf 87' lang='lat' dir='ltr'><strong>proprio</strong></span> 
     </span>
     <span class='ocr_line' id='line_1_19' title="bbox 347 2361 1458 2446; baseline -0.006 -16"><span class='ocrx_word' id='word_1_126' title='bbox 347 2368 385 2430; x_wconf 92' lang='lat' dir='ltr'><strong>et</strong></span> <span class='ocrx_word' id='word_1_127' title='bbox 408 2365 534 2430; x_wconf 86' lang='lat' dir='ltr'><strong>nativo</strong></span> <span class='ocrx_word' id='word_1_128' title='bbox 566 2363 750 2446; x_wconf 88' lang='lat' dir='ltr'><strong>pertinere</strong></span> <span class='ocrx_word' id='word_1_129' title='bbox 774 2362 1021 2428; x_wconf 87' lang='lat' dir='ltr'><strong>immediatam</strong></span> <span class='ocrx_word' id='word_1_130' title='bbox 1061 2379 1181 2426; x_wconf 89' lang='lat' dir='ltr'><strong>rerum</strong></span> <span class='ocrx_word' id='word_1_131' title='bbox 1213 2361 1458 2443; x_wconf 89' lang='lat' dir='ltr'><strong>temporalium</strong></span> 
     </span>
     <span class='ocr_line' id='line_1_20' title="bbox 348 2467 1457 2552; baseline -0.004 -18"><span class='ocrx_word' id='word_1_132' title='bbox 348 2469 585 2534; x_wconf 88' lang='lat' dir='ltr'><strong>directionem</strong></span> <span class='ocrx_word' id='word_1_133' title='bbox 613 2474 722 2552; x_wconf 90' lang='lat' dir='ltr'><strong>atque</strong></span> <span class='ocrx_word' id='word_1_134' title='bbox 751 2469 940 2551; x_wconf 86' lang='lat' dir='ltr'><strong>praeviam</strong></span> <span class='ocrx_word' id='word_1_135' title='bbox 971 2467 1064 2550; x_wconf 90' lang='lat' dir='ltr'><strong>juris</strong></span> <span class='ocrx_word' id='word_1_136' title='bbox 1093 2467 1240 2532; x_wconf 89' lang='lat' dir='ltr'><strong>humani</strong></span> <span class='ocrx_word' id='word_1_137' title='bbox 1272 2467 1457 2532; x_wconf 85' lang='lat' dir='ltr'><strong>ordinatio·</strong></span> 
     </span>
     <span class='ocr_line' id='line_1_21' title="bbox 347 2573 1457 2658; baseline -0.005 -16"><span class='ocrx_word' id='word_1_138' title='bbox 347 2593 431 2642; x_wconf 91' lang='lat' dir='ltr'><strong>nem</strong></span> <span class='ocrx_word' id='word_1_139' title='bbox 459 2593 503 2642; x_wconf 90' lang='lat' dir='ltr'><strong>ae</strong></span> <span class='ocrx_word' id='word_1_140' title='bbox 535 2575 840 2658; x_wconf 88' lang='lat' dir='ltr'><strong>constitutionem;</strong></span> <span class='ocrx_word' id='word_1_141' title='bbox 870 2575 1073 2640; x_wconf 78' lang='lat' dir='ltr'><strong>Ecclesiam</strong></span> <span class='ocrx_word' id='word_1_142' title='bbox 1098 2579 1232 2657; x_wconf 84' lang='lat' dir='ltr'><strong>autem,</strong></span> <span class='ocrx_word' id='word_1_143' title='bbox 1263 2575 1356 2639; x_wconf 90' lang='lat' dir='ltr'><strong>sicut</strong></span> <span class='ocrx_word' id='word_1_144' title='bbox 1385 2573 1457 2639; x_wconf 88' lang='lat' dir='ltr'><strong>reli-</strong></span> 
     </span>
     <span class='ocr_line' id='line_1_22' title="bbox 348 2681 1456 2767; baseline -0.004 -19"><span class='ocrx_word' id='word_1_145' title='bbox 348 2701 439 2767; x_wconf 87' lang='lat' dir='ltr'><strong>quas</strong></span> <span class='ocrx_word' id='word_1_146' title='bbox 471 2683 678 2767; x_wconf 90' lang='lat' dir='ltr'><strong>societates,</strong></span> <span class='ocrx_word' id='word_1_147' title='bbox 708 2685 809 2766; x_wconf 84' lang='lat' dir='ltr'><strong>leges</strong></span> <span class='ocrx_word' id='word_1_148' title='bbox 826 2682 933 2748; x_wconf 89' lang='lat' dir='ltr'><strong>edere</strong></span> <span class='ocrx_word' id='word_1_149' title='bbox 952 2701 1060 2766; x_wconf 87' lang='lat' dir='ltr'><strong>posse</strong></span> <span class='ocrx_word' id='word_1_150' title='bbox 1086 2681 1335 2764; x_wconf 89' lang='lat' dir='ltr'><strong>dependenter</strong></span> <span class='ocrx_word' id='word_1_151' title='bbox 1352 2701 1374 2746; x_wconf 96' lang='lat' dir='ltr'><strong>a</strong></span> <span class='ocrx_word' id='word_1_152' title='bbox 1389 2681 1456 2746; x_wconf 88' lang='lat' dir='ltr'><strong>Sta·</strong></span> 
     </span>
     <span class='ocr_line' id='line_1_23' title="bbox 347 2789 1457 2873; baseline -0.006 -14"><span class='ocrx_word' id='word_1_153' title='bbox 347 2807 387 2866; x_wconf 90' lang='lat' dir='ltr'><strong>tu</strong></span> <span class='ocrx_word' id='word_1_154' title='bbox 414 2794 450 2856; x_wconf 92' lang='lat' dir='ltr'><strong>et</strong></span> <span class='ocrx_word' id='word_1_155' title='bbox 478 2793 576 2856; x_wconf 90' lang='lat' dir='ltr'><strong>intra</strong></span> <span class='ocrx_word' id='word_1_156' title='bbox 591 2793 723 2857; x_wconf 90' lang='lat' dir='ltr'><strong>limites</strong></span> <span class='ocrx_word' id='word_1_157' title='bbox 753 2791 845 2873; x_wconf 91' lang='lat' dir='ltr'><strong>juris</strong></span> <span class='ocrx_word' id='word_1_158' title='bbox 863 2791 982 2856; x_wconf 88' lang='lat' dir='ltr'><strong>civilis</strong></span> <span class='ocrx_word' id='word_1_159' title='bbox 1001 2791 1212 2856; x_wconf 90' lang='lat' dir='ltr'><strong>communis:</strong></span> <span class='ocrx_word' id='word_1_160' title='bbox 1243 2789 1329 2854; x_wconf 88' lang='lat' dir='ltr'><strong>hinc</strong></span> <span class='ocrx_word' id='word_1_161' title='bbox 1356 2791 1457 2854; x_wconf 90' lang='lat' dir='ltr'><strong>etiam</strong></span> 
     </span>
     <span class='ocr_line' id='line_1_24' title="bbox 347 2895 1457 2989; baseline -0.012 -16"><span class='ocrx_word' id='word_1_162' title='bbox 347 2907 401 2973; x_wconf 90' lang='lat' dir='ltr'><strong>illi</strong></span> <span class='ocrx_word' id='word_1_163' title='bbox 419 2905 480 2989; x_wconf 88' lang='lat' dir='ltr'><strong>qui</strong></span> <span class='ocrx_word' id='word_1_164' title='bbox 497 2901 719 2968; x_wconf 88' lang='lat' dir='ltr'><strong>liberalismo</strong></span> <span class='ocrx_word' id='word_1_165' title='bbox 739 2898 927 2964; x_wconf 87' lang='lat' dir='ltr'><strong>moderato</strong></span> <span class='ocrx_word' id='word_1_166' title='bbox 946 2897 1122 2982; x_wconf 86' lang='lat' dir='ltr'><strong>adscripti</strong></span> <span class='ocrx_word' id='word_1_167' title='bbox 1150 2895 1354 2964; x_wconf 83' lang='lat' dir='ltr'><strong>Ecclesiam</strong></span> <span class='ocrx_word' id='word_1_168' title='bbox 1380 2897 1457 2961; x_wconf 92' lang='lat' dir='ltr'><strong>libe-</strong></span> 
     </span>
     <span class='ocr_line' id='line_1_25' title="bbox 347 3007 1456 3090; baseline -0.013 -9"><span class='ocrx_word' id='word_1_169' title='bbox 347 3034 426 3081; x_wconf 86' lang='lat' dir='ltr'><strong>ram</strong></span> <span class='ocrx_word' id='word_1_170' title='bbox 438 3016 475 3079; x_wconf 93' lang='lat' dir='ltr'><strong>in</strong></span> <span class='ocrx_word' id='word_1_171' title='bbox 488 3011 590 3078; x_wconf 85' lang='lat' dir='ltr'><strong>Statu</strong></span> <span class='ocrx_word' id='word_1_172' title='bbox 604 3009 719 3075; x_wconf 86' lang='lat' dir='ltr'><strong>libero</strong></span> <span class='ocrx_word' id='word_1_173' title='bbox 734 3008 975 3090; x_wconf 89' lang='lat' dir='ltr'><strong>proclamant,</strong></span> <span class='ocrx_word' id='word_1_174' title='bbox 991 3007 1185 3072; x_wconf 85' lang='lat' dir='ltr'><strong>adstruunt</strong></span> <span class='ocrx_word' id='word_1_175' title='bbox 1199 3013 1309 3090; x_wconf 89' lang='lat' dir='ltr'><strong>atque</strong></span> <span class='ocrx_word' id='word_1_176' title='bbox 1323 3011 1456 3070; x_wconf 90' lang='lat' dir='ltr'><strong>tuentur</strong></span> 
     </span>
     <span class='ocr_line' id='line_1_26' title="bbox 349 3107 1455 3200; baseline -0.011 -13"><span class='ocrx_word' id='word_1_177' title='bbox 349 3138 540 3188; x_wconf 91' lang='lat' dir='ltr'><strong>erroneum</strong></span> <span class='ocrx_word' id='word_1_178' title='bbox 553 3122 589 3183; x_wconf 90' lang='lat' dir='ltr'><strong>et</strong></span> <span class='ocrx_word' id='word_1_179' title='bbox 605 3116 814 3181; x_wconf 87' lang='lat' dir='ltr'><strong>damnatum</strong></span> <span class='ocrx_word' id='word_1_180' title='bbox 829 3114 1059 3196; x_wconf 90' lang='lat' dir='ltr'><strong>principium:</strong></span> <span class='ocrx_word' id='word_1_181' title='bbox 1078 3115 1201 3200; x_wconf 77' lang='lat' dir='ltr'><strong>incipit</strong></span> <span class='ocrx_word' id='word_1_182' title='bbox 1217 3107 1388 3200; x_wconf 64' lang='lat' dir='ltr'><strong>lapidatio</strong></span> <span class='ocrx_word' id='word_1_183' title='bbox 1400 3111 1455 3176; x_wconf 82' lang='lat' dir='ltr'><strong>Ec-</strong></span> 
     </span>
     <span class='ocr_line' id='line_1_27' title="bbox 338 3222 1031 3308; baseline -0.014 -12"><span class='ocrx_word' id='word_1_184' title='bbox 338 3229 485 3308; x_wconf 77' lang='lat' dir='ltr'><strong>clesiae,</strong></span> <span class='ocrx_word' id='word_1_185' title='bbox 502 3227 558 3291; x_wconf 79' lang='lat' dir='ltr'><strong>ubi</strong></span> <span class='ocrx_word' id='word_1_186' title='bbox 575 3224 702 3290; x_wconf 78' lang='lat' dir='ltr'><strong>desiuit</strong></span> <span class='ocrx_word' id='word_1_187' title='bbox 718 3222 889 3308; x_wconf 77' lang='lat' dir='ltr'><strong>lepirlatr&#39;o</strong></span> <span class='ocrx_word' id='word_1_188' title='bbox 905 3222 1031 3287; x_wconf 80' lang='lat' dir='ltr'><strong>civilis.</strong></span> 
     </span>
    </p>

    <p class='ocr_par' dir='ltr' id='par_1_6' title="bbox 348 3326 1455 4162">
     <span class='ocr_line' id='line_1_28' title="bbox 439 3326 1455 3416; baseline -0.012 -17"><span class='ocrx_word' id='word_1_189' title='bbox 439 3333 566 3416; x_wconf 79' lang='lat' dir='ltr'><strong>Quoad</strong></span> <span class='ocrx_word' id='word_1_190' title='bbox 579 3331 736 3411; x_wconf 92' lang='lat' dir='ltr'><strong>tertium,</strong></span> <span class='ocrx_word' id='word_1_191' title='bbox 752 3331 839 3395; x_wconf 90' lang='lat' dir='ltr'><strong>licet</strong></span> <span class='ocrx_word' id='word_1_192' title='bbox 855 3329 1034 3412; x_wconf 80' lang='lat' dir='ltr'><strong>Ecclesia,</strong></span> <span class='ocrx_word' id='word_1_193' title='bbox 1054 3328 1220 3392; x_wconf 91' lang='lat' dir='ltr'><strong>absolute</strong></span> <span class='ocrx_word' id='word_1_194' title='bbox 1233 3326 1409 3411; x_wconf 92' lang='lat' dir='ltr'><strong>loquendo</strong></span> <span class='ocrx_word' id='word_1_195' title='bbox 1425 3329 1455 3388; x_wconf 91' lang='lat' dir='ltr'><strong>et</strong></span> 
     </span>
     <span class='ocr_line' id='line_1_29' title="bbox 349 3433 1454 3520; baseline -0.015 -10"><span class='ocrx_word' id='word_1_196' title='bbox 349 3447 488 3510; x_wconf 89' lang='lat' dir='ltr'><strong>attento</strong></span> <span class='ocrx_word' id='word_1_197' title='bbox 507 3439 634 3505; x_wconf 90' lang='lat' dir='ltr'><strong>stricto</strong></span> <span class='ocrx_word' id='word_1_198' title='bbox 648 3439 744 3520; x_wconf 87' lang='lat' dir='ltr'><strong>jure,</strong></span> <span class='ocrx_word' id='word_1_199' title='bbox 764 3437 815 3500; x_wconf 88' lang='lat' dir='ltr'><strong>uti</strong></span> <span class='ocrx_word' id='word_1_200' title='bbox 833 3453 879 3501; x_wconf 87' lang='lat' dir='ltr'><strong>ex</strong></span> <span class='ocrx_word' id='word_1_201' title='bbox 896 3453 1010 3518; x_wconf 89' lang='lat' dir='ltr'><strong>supra</strong></span> <span class='ocrx_word' id='word_1_202' title='bbox 1037 3433 1215 3518; x_wconf 86' lang='lat' dir='ltr'><strong>expositis</strong></span> <span class='ocrx_word' id='word_1_203' title='bbox 1246 3435 1376 3518; x_wconf 90' lang='lat' dir='ltr'><strong>elucet,</strong></span> <span class='ocrx_word' id='word_1_204' title='bbox 1404 3433 1454 3514; x_wconf 88' lang='lat' dir='ltr'><strong>jus</strong></span> 
     </span>
     <span class='ocr_line' id='line_1_30' title="bbox 348 3543 1454 3627; baseline -0.014 -10"><span class='ocrx_word' id='word_1_205' title='bbox 348 3551 484 3617; x_wconf 88' lang='lat' dir='ltr'><strong>habeat</strong></span> <span class='ocrx_word' id='word_1_206' title='bbox 501 3544 684 3612; x_wconf 88' lang='lat' dir='ltr'><strong>statuendi</strong></span> <span class='ocrx_word' id='word_1_207' title='bbox 701 3561 785 3609; x_wconf 87' lang='lat' dir='ltr'><strong>suas</strong></span> <span class='ocrx_word' id='word_1_208' title='bbox 803 3543 904 3626; x_wconf 86' lang='lat' dir='ltr'><strong>leges</strong></span> <span class='ocrx_word' id='word_1_209' title='bbox 924 3547 1119 3627; x_wconf 87' lang='lat' dir='ltr'><strong>antequam</strong></span> <span class='ocrx_word' id='word_1_210' title='bbox 1137 3547 1267 3626; x_wconf 90' lang='lat' dir='ltr'><strong>status,</strong></span> <span class='ocrx_word' id='word_1_211' title='bbox 1284 3543 1369 3627; x_wconf 89' lang='lat' dir='ltr'><strong>quin</strong></span> <span class='ocrx_word' id='word_1_212' title='bbox 1397 3557 1454 3623; x_wconf 91' lang='lat' dir='ltr'><strong>pro</strong></span> 
     </span>
     <span class='ocr_line' id='line_1_31' title="bbox 349 3649 1454 3733; baseline -0.012 -11"><span class='ocrx_word' id='word_1_213' title='bbox 349 3657 401 3723; x_wconf 91' lang='lat' dir='ltr'><strong>eis</strong></span> <span class='ocrx_word' id='word_1_214' title='bbox 416 3650 613 3722; x_wconf 90' lang='lat' dir='ltr'><strong>condendis</strong></span> <span class='ocrx_word' id='word_1_215' title='bbox 625 3655 794 3717; x_wconf 88' lang='lat' dir='ltr'><strong>teneatur</strong></span> <span class='ocrx_word' id='word_1_216' title='bbox 807 3650 991 3733; x_wconf 89' lang='lat' dir='ltr'><strong>respicere</strong></span> <span class='ocrx_word' id='word_1_217' title='bbox 1005 3650 1051 3714; x_wconf 88' lang='lat' dir='ltr'><strong>ad</strong></span> <span class='ocrx_word' id='word_1_218' title='bbox 1063 3651 1164 3732; x_wconf 86' lang='lat' dir='ltr'><strong>leges</strong></span> <span class='ocrx_word' id='word_1_219' title='bbox 1177 3649 1454 3732; x_wconf 78' lang='lat' dir='ltr'><strong>praeexistentes</strong></span> 
     </span>
     <span class='ocr_line' id='line_1_32' title="bbox 348 3753 1454 3843; baseline -0.007 -15"><span class='ocrx_word' id='word_1_220' title='bbox 348 3761 534 3829; x_wconf 88' lang='lat' dir='ltr'><strong>societatis</strong></span> <span class='ocrx_word' id='word_1_221' title='bbox 562 3759 694 3841; x_wconf 86' lang='lat' dir='ltr'><strong>civilis,</strong></span> <span class='ocrx_word' id='word_1_222' title='bbox 714 3761 876 3822; x_wconf 88' lang='lat' dir='ltr'><strong>attamen</strong></span> <span class='ocrx_word' id='word_1_223' title='bbox 894 3757 1036 3822; x_wconf 91' lang='lat' dir='ltr'><strong>ratione</strong></span> <span class='ocrx_word' id='word_1_224' title='bbox 1047 3757 1259 3843; x_wconf 76' lang='lat' dir='ltr'><strong>prudentiae</strong></span> <span class='ocrx_word' id='word_1_225' title='bbox 1274 3761 1337 3821; x_wconf 89' lang='lat' dir='ltr'><strong>aut</strong></span> <span class='ocrx_word' id='word_1_226' title='bbox 1352 3753 1454 3838; x_wconf 74' lang='lat' dir='ltr'><strong>oequi-</strong></span> 
     </span>
     <span class='ocr_line' id='line_1_33' title="bbox 350 3862 1453 3952; baseline -0.014 -17"><span class='ocrx_word' id='word_1_227' title='bbox 350 3872 444 3952; x_wconf 83' lang='lat' dir='ltr'><strong>tatie,</strong></span> <span class='ocrx_word' id='word_1_228' title='bbox 465 3885 507 3934; x_wconf 92' lang='lat' dir='ltr'><strong>eo</strong></span> <span class='ocrx_word' id='word_1_229' title='bbox 525 3867 604 3950; x_wconf 92' lang='lat' dir='ltr'><strong>ipso</strong></span> <span class='ocrx_word' id='word_1_230' title='bbox 635 3864 730 3947; x_wconf 89' lang='lat' dir='ltr'><strong>quod</strong></span> <span class='ocrx_word' id='word_1_231' title='bbox 762 3864 800 3930; x_wconf 79' lang='lat' dir='ltr'><strong>vi</strong></span> <span class='ocrx_word' id='word_1_232' title='bbox 830 3865 940 3930; x_wconf 82' lang='lat' dir='ltr'><strong>officii</strong></span> <span class='ocrx_word' id='word_1_233' title='bbox 964 3863 1129 3946; x_wconf 84' lang='lat' dir='ltr'><strong>negativi</strong></span> <span class='ocrx_word' id='word_1_234' title='bbox 1155 3867 1286 3928; x_wconf 88' lang='lat' dir='ltr'><strong>neutra</strong></span> <span class='ocrx_word' id='word_1_235' title='bbox 1312 3862 1453 3928; x_wconf 86' lang='lat' dir='ltr'><strong>societas</strong></span> 
     </span>
     <span class='ocr_line' id='line_1_34' title="bbox 351 3965 1453 4056; baseline -0.01 -16"><span class='ocrx_word' id='word_1_236' title='bbox 351 3975 460 4040; x_wconf 91' lang='lat' dir='ltr'><strong>aliam</strong></span> <span class='ocrx_word' id='word_1_237' title='bbox 474 3973 650 4056; x_wconf 91' lang='lat' dir='ltr'><strong>impedire</strong></span> <span class='ocrx_word' id='word_1_238' title='bbox 669 3971 812 4052; x_wconf 88' lang='lat' dir='ltr'><strong>debeat,</strong></span> <span class='ocrx_word' id='word_1_239' title='bbox 828 3973 1127 4056; x_wconf 89' lang='lat' dir='ltr'><strong>quotiescumque</strong></span> <span class='ocrx_word' id='word_1_240' title='bbox 1143 3969 1340 4036; x_wconf 88' lang='lat' dir='ltr'><strong>concordia</strong></span> <span class='ocrx_word' id='word_1_241' title='bbox 1356 3965 1453 4053; x_wconf 88' lang='lat' dir='ltr'><strong>possi·</strong></span> 
     </span>
     <span class='ocr_line' id='line_1_35' title="bbox 349 4078 1332 4162; baseline -0.003 -18"><span class='ocrx_word' id='word_1_242' title='bbox 349 4080 432 4145; x_wconf 91' lang='lat' dir='ltr'><strong>bilis</strong></span> <span class='ocrx_word' id='word_1_243' title='bbox 449 4081 507 4160; x_wconf 91' lang='lat' dir='ltr'><strong>sit,</strong></span> <span class='ocrx_word' id='word_1_244' title='bbox 523 4084 667 4162; x_wconf 89' lang='lat' dir='ltr'><strong>oportet</strong></span> <span class='ocrx_word' id='word_1_245' title='bbox 682 4080 782 4161; x_wconf 85' lang='lat' dir='ltr'><strong>leges</strong></span> <span class='ocrx_word' id='word_1_246' title='bbox 800 4078 923 4143; x_wconf 89' lang='lat' dir='ltr'><strong>Status</strong></span> <span class='ocrx_word' id='word_1_247' title='bbox 940 4083 1025 4144; x_wconf 89' lang='lat' dir='ltr'><strong>ante</strong></span> <span class='ocrx_word' id='word_1_248' title='bbox 1044 4079 1168 4144; x_wconf 88' lang='lat' dir='ltr'><strong>oculos</strong></span> <span class='ocrx_word' id='word_1_249' title='bbox 1185 4078 1332 4143; x_wconf 90' lang='lat' dir='ltr'><strong>habeat.</strong></span> 
     </span>
    </p>

    <p class='ocr_par' dir='ltr' id='par_1_7' title="bbox 353 4185 1454 4380">
     <span class='ocr_line' id='line_1_36' title="bbox 443 4185 1454 4274; baseline -0.008 -24"><span class='ocrx_word' id='word_1_250' title='bbox 443 4187 517 4250; x_wconf 83' lang='lat'><strong>198.</strong></span> <span class='ocrx_word' id='word_1_251' title='bbox 567 4186 696 4254; x_wconf 86' lang='lat' dir='ltr'><strong>Officia</strong></span> <span class='ocrx_word' id='word_1_252' title='bbox 709 4189 865 4274; x_wconf 79' lang='lat' dir='ltr'><strong>positiva</strong></span> <span class='ocrx_word' id='word_1_253' title='bbox 895 4205 940 4252; x_wconf 87' lang='lat' dir='ltr'><strong>ex</strong></span> <span class='ocrx_word' id='word_1_254' title='bbox 970 4188 1026 4253; x_wconf 88' lang='lat' dir='ltr'><strong>sui</strong></span> <span class='ocrx_word' id='word_1_255' title='bbox 1041 4193 1175 4253; x_wconf 88' lang='lat' dir='ltr'><strong>natura</strong></span> <span class='ocrx_word' id='word_1_256' title='bbox 1191 4185 1454 4251; x_wconf 86' lang='lat' dir='ltr'><strong>denominantur</strong></span> 
     </span>
     <span class='ocr_line' id='line_1_37' title="bbox 353 4293 1453 4380; baseline -0.003 -20"><span class='ocrx_word' id='word_1_257' title='bbox 353 4294 418 4360; x_wconf 89' lang='lat' dir='ltr'><strong>ille</strong></span> <span class='ocrx_word' id='word_1_258' title='bbox 436 4310 529 4376; x_wconf 88' lang='lat' dir='ltr'><strong>quae</strong></span> <span class='ocrx_word' id='word_1_259' title='bbox 556 4293 717 4362; x_wconf 86' lang='lat' dir='ltr'><strong>Societas</strong></span> <span class='ocrx_word' id='word_1_260' title='bbox 747 4297 913 4379; x_wconf 89' lang='lat' dir='ltr'><strong>superior</strong></span> <span class='ocrx_word' id='word_1_261' title='bbox 937 4315 1026 4380; x_wconf 85' lang='lat' dir='ltr'><strong>erga</strong></span> <span class='ocrx_word' id='word_1_262' title='bbox 1042 4295 1252 4362; x_wconf 86' lang='lat' dir='ltr'><strong>inferiorem</strong></span> <span class='ocrx_word' id='word_1_263' title='bbox 1280 4296 1453 4379; x_wconf 79' lang='lat' dir='ltr'><strong>praestare</strong></span> 
     </span>
    </p>
   </div>
   <div class='ocr_carea' id='block_1_5' title="bbox 0 0 1522 4981">
    <p class='ocr_par' dir='ltr' id='par_1_8' title="bbox 0 0 1522 4981">
     <span class='ocr_line' id='line_1_38' title="bbox 0 0 1522 4981; baseline 0 0"><span class='ocrx_word' id='word_1_264' title='bbox 0 0 1522 4981; x_wconf 95' lang='lat' dir='ltr'><strong> </strong></span> 
     </span>
    </p>
   </div>
  </div>
 </body>
</html>
