3146 4980
762 380 942 438 ..446-

289 527 372 592 siva
387 525 510 591 Status
526 523 810 608 independentia
826 522 980 605 impetit:
1013 523 1042 603 ¹)
1074 526 1253 590 veritatem
1276 525 1420 592 ordinis

290 633 586 717 supernaturalis,
615 631 701 714 quia
736 630 949 694 societatem
969 630 1114 695 civilem
1141 647 1346 712 supremam
1379 637 1420 695 et

290 739 596 822 independentcm
609 737 771 801 efficiens
787 737 824 800 in
850 736 976 800 ordine
1005 737 1150 818 publico
1184 755 1228 799 ao
1256 737 1418 817 juridico

292 852 366 910 tum
384 846 430 908 ab
446 843 621 923 Ecclesia,
639 847 715 906 tum
732 861 754 906 a
769 859 996 925 quacumque
1015 843 1089 906 alia
1105 843 1334 906 auctoritate¹
1352 843 1420 906 vel

290 952 519 1017 institutione
535 949 720 1031 religiosa,
739 967 811 1012 non
830 950 904 1013 alia
917 950 1002 1030 jura
1020 955 1057 1012 et
1089 949 1210 1013 cilicia
1242 949 1416 1030 admittit,

292 1059 361 1124 nisi
379 1075 472 1142 quae
491 1057 536 1120 ab
553 1057 631 1138 ipso
645 1053 748 1120 Statu
766 1055 919 1138 ideoque
938 1075 960 1120 a
978 1056 1138 1120 naturali
1164 1056 1265 1120 fonte
1296 1057 1418 1121 oriun-

292 1171 363 1229 tur:
382 1163 408 1244 ι’)
429 1163 694 1249 possibilitatem
722 1163 860 1226 divinae
888 1163 1121 1243 revelationis,
1150 1163 1181 1225 si
1209 1163 1305 1226 euim
1333 1179 1419 1226 eam

291 1277 523 1353 agnosceret,
542 1287 613 1334 non
632 1269 750 1332 omnia
767 1269 866 1349 juria
883 1287 905 1334 a
928 1269 1106 1334 societate
1123 1268 1224 1334 civili
1249 1269 1421 1333 absolute

292 1385 488 1461 repeteret,
507 1377 572 1441 scd
588 1383 738 1441 eatenus
754 1375 895 1440 Statum
911 1383 1097 1458 spectaret
1127 1383 1311 1459 tamquam
1345 1376 1421 1458 pri-

293 1485 505 1548 mordialem
523 1489 559 1546 et
572 1483 716 1547 unicum
734 1483 849 1547 omnis
863 1484 955 1563 juris
971 1483 1124 1564 iontem,
1144 1491 1323 1564 quatenus
1342 1499 1421 1545 non

291 1597 479 1656 constaret
492 1589 729 1655 revelationis
748 1590 957 1669 existentia3
983 1589 1047 1654 sed
1075 1589 1199 1654 bacin
1223 1587 1420 1670 hypothesi

292 1715 437 1778 semper
449 1696 567 1760 Statui
583 1696 756 1778 obligatio
782 1696 1008 1760 incumberet
1022 1697 1159 1761 factum
1178 1695 1421 1760 revelationis

294 1803 512 1886 inquirendi,
530 1820 576 1866 ex
594 1821 665 1884 qua
682 1803 916 1884 inquisitione
933 1803 994 1867 vei
1010 1803 1058 1866 ad
1083 1803 1311 1885 probabilem
1338 1803 1422 1882 ojus

293 1910 536 1992 cognitionem
547 1908 815 1988 deveniret,vel
829 1911 959 1973 saltem
973 1913 1207 1973 revereretur
1212 1910 1271 1989 jrrs
1286 1909 1420 1991 proba·

293 2017 367 2082 bile
397 2015 633 2096 subditorum,
653 2032 699 2078 ne
728 2015 883 2097 publicis
904 2021 1014 2097 atque
1040 2015 1253 2097 irreligiosis
1271 2014 1417 2095 iegibus

294 2123 457 2204 legitima
470 2139 593 2186 eorum
606 2121 759 2186 libertas
770 2122 1016 2185 conscientiae
1026 2120 1206 2185 laedatur:
1225 2123 1250 2204 ⁰)
1260 2121 1421 2186 diuinam

293 2229 470 2294 Ecclesiae
484 2229 661 2314 originem,
682 2245 724 2292 co
743 2228 822 2308 ipso
841 2227 937 2310 quod
955 2226 1158 2290 Ecclesiam
1174 2225 1292 2292 Statui
1308 2227 1421 2308 subji-

294 2337 382 2416 ciat,
402 2335 470 2398 hoc
482 2343 548 2416 est,
567 2335 733 2398 societati
752 2334 916 2398 inferiori
941 2342 978 2397 et
991 2333 1172 2398 humanae
1196 2334 1422 2398 institutioni

296 2442 489 2506 obnoxiam
502 2441 642 2520 reddat;
656 2441 835 2522 equidem,
847 2442 877 2504 si
891 2439 1057 2504 Ecclesia
1068 2439 1194 2505 divina
1208 2446 1316 2520 esset,
1329 2446 1367 2504 et
1380 2449 1423 2505 ut

295 2548 380 2614 talis
396 2547 603 2628 haberetur,
639 2551 903 2628 agnosceretur
928 2546 974 2609 ab
1003 2545 1108 2611 Statu
1124 2546 1241 2612 veluti
1258 2547 1420 2612 societas

290 2653 1422 2738 juridiccpraevalcusatquesupremaauctoritas,ouiobtem·

296 2778 427 2844 perarc
440 2767 609 2824 tenentur
626 2778 698 2823 non
715 2761 831 2823 solum
846 2757 1035 2823 individua
1047 2765 1083 2822 et
1095 2759 1270 2841 familiae,
1289 2777 1424 2826 verum

295 2867 405 2930 etiam
419 2867 598 2945 nationes,
612 2865 1023 2946 regna,universumque
1038 2881 1153 2946 genus
1164 2864 1375 2929 humanum:
1391 2863 1421 2944 i)

298 2969 427 3038 Christ-i
445 2972 673 3051 divinitatem,
692 2987 776 3034 nam
793 2971 905 3034 semel
923 2970 1424 3053 praestabilitasuprematia

294 3077 418 3143 Status
435 3085 618 3160 tamquam
635 3077 751 3141 omnis
765 3077 871 3157 juris,
903 3075 1054 3158 ordinis,
1089 3075 1278 3141 relationis
1307 3081 1424 3160 atque

296 3185 458 3267 justitiae
475 3185 571 3248 unici
587 3201 631 3248 ac
648 3183 820 3248 uberrimi
835 3183 958 3264 fontis,
977 3201 1121 3248 necnon
1135 3185 1277 3264 rejecta
1292 3181 1425 3248 Eccle-

294 3290 373 3354 siae
391 3289 593 3371 divinitate,
611 3307 692 3354 cum
707 3289 800 3353 haec
817 3289 995 3354 institutio
1014 3307 1162 3372 prorsus
1180 3290 1339 3354 humana
1355 3307 1424 3373 ap·

296 3403 438 3480 pareat,
461 3394 624 3460 Christus
641 3395 817 3460 Dominus
836 3397 914 3477 eius
928 3394 1102 3460 Conditor
1131 3397 1193 3462 vel
1221 3413 1339 3461 merus
1357 3396 1424 3461 ho-

297 3523 354 3572 mo
373 3503 532 3583 devenit,
551 3503 647 3584 qnod
664 3502 801 3585 absque
818 3502 1019 3566 execrabili
1036 3502 1289 3585 blasphaemia
1301 3505 1425 3568 asseri

296 3611 435 3694 nequit,
453 3610 515 3674 vel
532 3609 668 3673 nullam
694 3609 907 3673 societatem
920 3608 1144 3692 religiosam,
1158 3615 1348 3674 externam
1366 3615 1425 3673 at·

296 3737 367 3804 que
385 3717 565 3782 visibilem
581 3715 762 3796 fundavit,
778 3715 875 3798 quod
889 3719 944 3780 est
959 3716 1075 3797 turpis
1091 3715 1254 3780 haeresis
1269 3732 1333 3798 per
1343 3714 1427 3782 Wi-

296 3825 466 3902 cleiiitas,
485 3822 653 3888 Hussitas
670 3829 706 3888 et
721 3822 972 3888 Protestantes
990 3824 1101 3889 stulte
1120 3829 1352 3906 propugnata
1384 3829 1428 3889 et

298 3933 335 3997 in
348 3930 520 3997 Conciliis
551 3929 762 3994 solemniter
790 3929 1115 3994 anathematizata:
1132 3932 1158 4008 ⁰)
1176 3931 1245 3996 Dei
1273 3932 1428 3996 cataton-

297 4039 396 4116 tiam,
415 4035 585 4118 quoniam
603 4035 772 4118 praefata
784 4035 1068 4118 independentia
1090 4034 1212 4102 Status
1230 4035 1276 4101 ab
1294 4035 1426 4101 Eccle-

298 4143 354 4208 sia
371 4149 407 4206 et
423 4142 599 4224 subjectio
616 4143 815 4226 Religionis
831 4142 998 4208 societati
1028 4141 1129 4207 civili
1157 4149 1194 4208 et
1209 4143 1428 4209 auctoritati

299 4249 494 4332 temporali
509 4267 638 4315 verum
654 4251 871 4316 atheismum
901 4267 1025 4316 secum
1055 4250 1241 4334 importat;¹
1276 4251 1428 4316 namsi
