<?xml version="1.0" encoding="UTF-8"?>
<!DOCTYPE html PUBLIC "-//W3C//DTD XHTML 1.0 Transitional//EN"
    "http://www.w3.org/TR/xhtml1/DTD/xhtml1-transitional.dtd">
<html xmlns="http://www.w3.org/1999/xhtml" xml:lang="en" lang="en">
 <head>
  <title>
</title>
<meta http-equiv="Content-Type" content="text/html;charset=utf-8" />
  <meta name='ocr-system' content='tesseract 3.04.00' />
  <meta name='ocr-capabilities' content='ocr_page ocr_carea ocr_par ocr_line ocrx_word'/>
</head>
<body>
  <div class='ocr_page' id='page_1' title='image "./juspublicumeccl01ferngoog_0177.png"; bbox 0 0 3030 4990; ppageno 0'>
   <div class='ocr_carea' id='block_1_1' title="bbox 816 426 993 486">
    <p class='ocr_par' dir='ltr' id='par_1_1' title="bbox 816 426 993 486">
     <span class='ocr_line' id='line_1_1' title="bbox 816 426 993 486; baseline 0.011 -1"><span class='ocrx_word' id='word_1_1' title='bbox 816 426 993 486; x_wconf 78' lang='grc'><strong>-158-</strong></span> 
     </span>
    </p>
   </div>
   <div class='ocr_carea' id='block_1_2' title="bbox 334 567 1450 3229">
    <p class='ocr_par' dir='ltr' id='par_1_2' title="bbox 338 567 1449 1512">
     <span class='ocr_line' id='line_1_2' title="bbox 340 567 1449 654; baseline -0.006 -16"><span class='ocrx_word' id='word_1_2' title='bbox 340 571 487 654; x_wconf 89' lang='lat' dir='ltr'>iuerint;</span> <span class='ocrx_word' id='word_1_3' title='bbox 506 572 558 638; x_wconf 85' lang='lat'>3.⁰</span> <span class='ocrx_word' id='word_1_4' title='bbox 574 579 718 638; x_wconf 73' lang='lat' dir='ltr'>externa</span> <span class='ocrx_word' id='word_1_5' title='bbox 747 573 876 640; x_wconf 80' lang='lat' dir='ltr'><em>coactio</em></span> <span class='ocrx_word' id='word_1_6' title='bbox 894 572 946 638; x_wconf 85' lang='lat' dir='ltr'>oei</span> <span class='ocrx_word' id='word_1_7' title='bbox 970 571 1129 638; x_wconf 75' lang='lat' dir='ltr'><strong><em>coercitio</em></strong></span> <span class='ocrx_word' id='word_1_8' title='bbox 1146 567 1370 635; x_wconf 72' lang='lat' dir='ltr'><strong>renuentium</strong></span> <span class='ocrx_word' id='word_1_9' title='bbox 1392 574 1449 632; x_wconf 86' lang='lat' dir='ltr'>aut</span> 
     </span>
     <span class='ocr_line' id='line_1_3' title="bbox 340 677 1447 764; baseline -0.005 -18"><span class='ocrx_word' id='word_1_10' title='bbox 340 679 613 764; x_wconf 73' lang='lat' dir='ltr'>impedientium</span> <span class='ocrx_word' id='word_1_11' title='bbox 628 679 803 762; x_wconf 89' lang='lat' dir='ltr'>ejusmodi</span> <span class='ocrx_word' id='word_1_12' title='bbox 821 679 1118 762; x_wconf 63' lang='lat' dir='ltr'>applicationem</span> <span class='ocrx_word' id='word_1_13' title='bbox 1133 677 1195 742; x_wconf 83' lang='lat' dir='ltr'>sed</span> <span class='ocrx_word' id='word_1_14' title='bbox 1210 677 1371 759; x_wconf 83' lang='lat' dir='ltr'>praecise</span> <span class='ocrx_word' id='word_1_15' title='bbox 1385 678 1447 758; x_wconf 88' lang='lat' dir='ltr'>pri·</span> 
     </span>
     <span class='ocr_line' id='line_1_4' title="bbox 340 784 1447 870; baseline -0.005 -18"><span class='ocrx_word' id='word_1_16' title='bbox 340 805 435 852; x_wconf 91' lang='lat' dir='ltr'>mum</span> <span class='ocrx_word' id='word_1_17' title='bbox 461 788 587 853; x_wconf 89' lang='lat' dir='ltr'>horum</span> <span class='ocrx_word' id='word_1_18' title='bbox 606 789 713 852; x_wconf 90' lang='lat' dir='ltr'>trium</span> <span class='ocrx_word' id='word_1_19' title='bbox 738 787 925 852; x_wconf 82' lang='lat' dir='ltr'>constituit</span> <span class='ocrx_word' id='word_1_20' title='bbox 948 793 1167 870; x_wconf 87' lang='lat' dir='ltr'>potestatem</span> <span class='ocrx_word' id='word_1_21' title='bbox 1201 785 1387 870; x_wconf 74' lang='lat' dir='ltr'>tepiserom,</span> <span class='ocrx_word' id='word_1_22' title='bbox 1402 784 1447 847; x_wconf 87' lang='lat' dir='ltr'>al·</span> 
     </span>
     <span class='ocr_line' id='line_1_5' title="bbox 342 893 1448 983; baseline -0.002 -25"><span class='ocrx_word' id='word_1_23' title='bbox 342 899 461 959; x_wconf 89' lang='lat' dir='ltr'>terum</span> <span class='ocrx_word' id='word_1_24' title='bbox 477 895 699 983; x_wconf 84' lang='lat' dir='ltr'>judicialem,</span> <span class='ocrx_word' id='word_1_25' title='bbox 735 901 770 960; x_wconf 89' lang='lat' dir='ltr'>et</span> <span class='ocrx_word' id='word_1_26' title='bbox 787 895 932 959; x_wconf 90' lang='lat' dir='ltr'>tertium</span> <span class='ocrx_word' id='word_1_27' title='bbox 950 894 1136 960; x_wconf 74' lang='lat' dir='ltr'>coactivam</span> <span class='ocrx_word' id='word_1_28' title='bbox 1154 909 1218 957; x_wconf 88' lang='lat' dir='ltr'>sea</span> <span class='ocrx_word' id='word_1_29' title='bbox 1243 893 1448 957; x_wconf 83' lang='lat' dir='ltr'>coerciticom</span> 
     </span>
     <span class='ocr_line' id='line_1_6' title="bbox 344 999 1449 1085; baseline -0.004 -20"><span class='ocrx_word' id='word_1_30' title='bbox 344 1003 420 1084; x_wconf 78' lang='lat' dir='ltr'>(l);,</span> <span class='ocrx_word' id='word_1_31' title='bbox 455 1019 542 1084; x_wconf 84' lang='lat' dir='ltr'>ergo</span> <span class='ocrx_word' id='word_1_32' title='bbox 573 1019 618 1066; x_wconf 86' lang='lat' dir='ltr'>ex</span> <span class='ocrx_word' id='word_1_33' title='bbox 643 1001 833 1085; x_wconf 83' lang='lat' dir='ltr'>praedicta</span> <span class='ocrx_word' id='word_1_34' title='bbox 863 1000 1027 1083; x_wconf 78' lang='lat' dir='ltr'>generali</span> <span class='ocrx_word' id='word_1_35' title='bbox 1046 999 1173 1082; x_wconf 83' lang='lat' dir='ltr'>regula</span> <span class='ocrx_word' id='word_1_36' title='bbox 1197 999 1306 1082; x_wconf 83' lang='lat' dir='ltr'>plane</span> <span class='ocrx_word' id='word_1_37' title='bbox 1337 1016 1449 1063; x_wconf 90' lang='lat' dir='ltr'>conse·</span> 
     </span>
     <span class='ocr_line' id='line_1_7' title="bbox 339 1107 1449 1192; baseline -0.003 -20"><span class='ocrx_word' id='word_1_38' title='bbox 339 1110 460 1192; x_wconf 89' lang='lat' dir='ltr'>quitur</span> <span class='ocrx_word' id='word_1_39' title='bbox 492 1116 565 1172; x_wconf 90' lang='lat' dir='ltr'>tum</span> <span class='ocrx_word' id='word_1_40' title='bbox 598 1109 696 1174; x_wconf 82' lang='lat' dir='ltr'>notio</span> <span class='ocrx_word' id='word_1_41' title='bbox 726 1107 885 1190; x_wconf 88' lang='lat' dir='ltr'>juridica</span> <span class='ocrx_word' id='word_1_42' title='bbox 916 1107 1107 1191; x_wconf 86' lang='lat' dir='ltr'>potestatis</span> <span class='ocrx_word' id='word_1_43' title='bbox 1142 1107 1357 1190; x_wconf 79' lang='lat' dir='ltr'>completae,</span> <span class='ocrx_word' id='word_1_44' title='bbox 1385 1124 1449 1188; x_wconf 83' lang='lat' dir='ltr'>qua</span> 
     </span>
     <span class='ocr_line' id='line_1_8' title="bbox 338 1211 1449 1298; baseline -0.003 -20"><span class='ocrx_word' id='word_1_45' title='bbox 338 1215 473 1297; x_wconf 84' lang='lat' dir='ltr'>gaudet</span> <span class='ocrx_word' id='word_1_46' title='bbox 489 1215 647 1279; x_wconf 88' lang='lat' dir='ltr'>societas</span> <span class='ocrx_word' id='word_1_47' title='bbox 660 1215 824 1298; x_wconf 86' lang='lat' dir='ltr'>perlecta</span> <span class='ocrx_word' id='word_1_48' title='bbox 840 1215 877 1278; x_wconf 91' lang='lat' dir='ltr'>in</span> <span class='ocrx_word' id='word_1_49' title='bbox 896 1213 1115 1294; x_wconf 88' lang='lat' dir='ltr'>adsociatos,</span> <span class='ocrx_word' id='word_1_50' title='bbox 1136 1219 1210 1277; x_wconf 93' lang='lat' dir='ltr'>tum</span> <span class='ocrx_word' id='word_1_51' title='bbox 1230 1213 1340 1277; x_wconf 86' lang='lat' dir='ltr'>etiam</span> <span class='ocrx_word' id='word_1_52' title='bbox 1354 1211 1449 1276; x_wconf 88' lang='lat' dir='ltr'>odoe-</span> 
     </span>
     <span class='ocr_line' id='line_1_9' title="bbox 339 1319 1447 1405; baseline -0.005 -19"><span class='ocrx_word' id='word_1_53' title='bbox 339 1327 449 1405; x_wconf 86' lang='lat' dir='ltr'>quata</span> <span class='ocrx_word' id='word_1_54' title='bbox 463 1321 640 1404; x_wconf 90' lang='lat' dir='ltr'>ejusmodi</span> <span class='ocrx_word' id='word_1_55' title='bbox 656 1321 847 1403; x_wconf 84' lang='lat' dir='ltr'>potestatis</span> <span class='ocrx_word' id='word_1_56' title='bbox 866 1320 1014 1404; x_wconf 85' lang='lat' dir='ltr'>partitio</span> <span class='ocrx_word' id='word_1_57' title='bbox 1033 1321 1070 1384; x_wconf 90' lang='lat' dir='ltr'>in</span> <span class='ocrx_word' id='word_1_58' title='bbox 1089 1319 1272 1402; x_wconf 79' lang='lat' dir='ltr'>triplicem</span> <span class='ocrx_word' id='word_1_59' title='bbox 1286 1335 1447 1384; x_wconf 84' lang='lat' dir='ltr'>memora·</span> 
     </span>
     <span class='ocr_line' id='line_1_10' title="bbox 339 1428 1201 1512; baseline -0.005 -19"><span class='ocrx_word' id='word_1_60' title='bbox 339 1431 412 1493; x_wconf 89' lang='lat' dir='ltr'>tam</span> <span class='ocrx_word' id='word_1_61' title='bbox 429 1428 655 1510; x_wconf 81' lang='lat' dir='ltr'>facultatem,</span> <span class='ocrx_word' id='word_1_62' title='bbox 675 1429 719 1493; x_wconf 91' lang='lat' dir='ltr'>de</span> <span class='ocrx_word' id='word_1_63' title='bbox 736 1446 807 1512; x_wconf 86' lang='lat' dir='ltr'>qua</span> <span class='ocrx_word' id='word_1_64' title='bbox 824 1446 986 1493; x_wconf 89' lang='lat' dir='ltr'>seorsum</span> <span class='ocrx_word' id='word_1_65' title='bbox 999 1428 1201 1511; x_wconf 86' lang='lat' dir='ltr'>loquemun.</span> 
     </span>
    </p>

    <p class='ocr_par' dir='ltr' id='par_1_3' title="bbox 334 1533 1449 2049">
     <span class='ocr_line' id='line_1_11' title="bbox 425 1533 1448 1623; baseline 0.001 -24"><span class='ocrx_word' id='word_1_66' title='bbox 425 1533 479 1600; x_wconf 87' lang='grc'>90.</span> <span class='ocrx_word' id='word_1_67' title='bbox 530 1535 693 1600; x_wconf 81' lang='lat' dir='ltr'>Potestas</span> <span class='ocrx_word' id='word_1_68' title='bbox 717 1537 863 1623; x_wconf 76' lang='lat' dir='ltr'>dapifera</span> <span class='ocrx_word' id='word_1_69' title='bbox 880 1537 1061 1602; x_wconf 85' lang='lat' dir='ltr'>definitur:</span> <span class='ocrx_word' id='word_1_70' title='bbox 1075 1536 1143 1602; x_wconf 82' lang='lat' dir='ltr'>Jus</span> <span class='ocrx_word' id='word_1_71' title='bbox 1159 1533 1373 1621; x_wconf 84' lang='lat' dir='ltr'>proponendi</span> <span class='ocrx_word' id='word_1_72' title='bbox 1388 1555 1448 1600; x_wconf 84' lang='lat' dir='ltr'>rno-</span> 
     </span>
     <span class='ocr_line' id='line_1_12' title="bbox 337 1644 1448 1730; baseline -0.005 -20"><span class='ocrx_word' id='word_1_73' title='bbox 337 1645 379 1710; x_wconf 86' lang='lat' dir='ltr'>do</span> <span class='ocrx_word' id='word_1_74' title='bbox 405 1645 606 1729; x_wconf 82' lang='lat' dir='ltr'>oblipotort&#39;o</span> <span class='ocrx_word' id='word_1_75' title='bbox 630 1646 745 1710; x_wconf 86' lang='lat' dir='ltr'>madio</span> <span class='ocrx_word' id='word_1_76' title='bbox 771 1648 967 1710; x_wconf 80' lang='lat' dir='ltr'>necessaria</span> <span class='ocrx_word' id='word_1_77' title='bbox 996 1645 1043 1710; x_wconf 90' lang='lat' dir='ltr'>ad</span> <span class='ocrx_word' id='word_1_78' title='bbox 1062 1644 1238 1710; x_wconf 73' lang='lat' dir='ltr'>societatis</span> <span class='ocrx_word' id='word_1_79' title='bbox 1252 1645 1352 1730; x_wconf 84' lang='lat' dir='ltr'>finem</span> <span class='ocrx_word' id='word_1_80' title='bbox 1367 1662 1448 1707; x_wconf 79' lang='lat' dir='ltr'>aeso-</span> 
     </span>
     <span class='ocr_line' id='line_1_13' title="bbox 338 1750 1449 1838; baseline -0.002 -22"><span class='ocrx_word' id='word_1_81' title='bbox 338 1751 517 1836; x_wconf 82' lang='lat' dir='ltr'>quendam,</span> <span class='ocrx_word' id='word_1_82' title='bbox 535 1769 597 1815; x_wconf 86' lang='lat' dir='ltr'>seu</span> <span class='ocrx_word' id='word_1_83' title='bbox 617 1752 712 1836; x_wconf 91' lang='lat' dir='ltr'>quod</span> <span class='ocrx_word' id='word_1_84' title='bbox 729 1752 821 1817; x_wconf 87' lang='lat' dir='ltr'>idem</span> <span class='ocrx_word' id='word_1_85' title='bbox 850 1759 917 1832; x_wconf 85' lang='lat' dir='ltr'>est,</span> <span class='ocrx_word' id='word_1_86' title='bbox 933 1753 1089 1838; x_wconf 72' lang='lat' dir='ltr'>facultas</span> <span class='ocrx_word' id='word_1_87' title='bbox 1118 1753 1209 1836; x_wconf 77' lang='lat' dir='ltr'>tepea</span> <span class='ocrx_word' id='word_1_88' title='bbox 1237 1750 1449 1837; x_wconf 73' lang='lat' dir='ltr'>oblipatoriao</span> 
     </span>
     <span class='ocr_line' id='line_1_14' title="bbox 334 1857 1449 1946; baseline -0.002 -24"><span class='ocrx_word' id='word_1_89' title='bbox 334 1859 473 1944; x_wconf 83' lang='lat' dir='ltr'>ferendi</span> <span class='ocrx_word' id='word_1_90' title='bbox 485 1880 552 1942; x_wconf 85' lang='lat' dir='ltr'>pro</span> <span class='ocrx_word' id='word_1_91' title='bbox 570 1861 804 1925; x_wconf 76' lang='lat' dir='ltr'>consecatione</span> <span class='ocrx_word' id='word_1_92' title='bbox 825 1861 906 1946; x_wconf 79' lang='lat' dir='ltr'>finio</span> <span class='ocrx_word' id='word_1_93' title='bbox 929 1861 1085 1940; x_wconf 63' lang='lat' dir='ltr'>socialia</span> <span class='ocrx_word' id='word_1_94' title='bbox 1104 1859 1238 1924; x_wconf 87' lang='lat' dir='ltr'>etenim</span> <span class='ocrx_word' id='word_1_95' title='bbox 1270 1857 1379 1922; x_wconf 88' lang='lat' dir='ltr'>omnia</span> <span class='ocrx_word' id='word_1_96' title='bbox 1395 1857 1449 1920; x_wconf 84' lang='lat' dir='ltr'>lex</span> 
     </span>
     <span class='ocr_line' id='line_1_15' title="bbox 340 1965 1125 2049; baseline 0.001 -20"><span class='ocrx_word' id='word_1_97' title='bbox 340 1965 375 2029; x_wconf 94' lang='lat' dir='ltr'>in</span> <span class='ocrx_word' id='word_1_98' title='bbox 392 1967 641 2047; x_wconf 84' lang='lat' dir='ltr'>propositione</span> <span class='ocrx_word' id='word_1_99' title='bbox 658 1967 812 2049; x_wconf 85' lang='lat' dir='ltr'>alicujus</span> <span class='ocrx_word' id='word_1_100' title='bbox 826 1967 933 2032; x_wconf 91' lang='lat' dir='ltr'>medii</span> <span class='ocrx_word' id='word_1_101' title='bbox 949 1967 1125 2032; x_wconf 83' lang='lat' dir='ltr'>consistit.</span> 
     </span>
    </p>

    <p class='ocr_par' dir='ltr' id='par_1_4' title="bbox 335 2069 1450 3229">
     <span class='ocr_line' id='line_1_16' title="bbox 426 2069 1448 2158; baseline -0.004 -22"><span class='ocrx_word' id='word_1_102' title='bbox 426 2070 597 2137; x_wconf 85' lang='lat' dir='ltr'>Societeti</span> <span class='ocrx_word' id='word_1_103' title='bbox 616 2073 803 2156; x_wconf 81' lang='lat' dir='ltr'>perfectae</span> <span class='ocrx_word' id='word_1_104' title='bbox 829 2081 1037 2158; x_wconf 80' lang='lat' dir='ltr'>competere</span> <span class='ocrx_word' id='word_1_105' title='bbox 1066 2076 1287 2156; x_wconf 81' lang='lat' dir='ltr'>potestatem</span> <span class='ocrx_word' id='word_1_106' title='bbox 1317 2069 1448 2153; x_wconf 82' lang='lat' dir='ltr'>legisla-</span> 
     </span>
     <span class='ocr_line' id='line_1_17' title="bbox 337 2177 1448 2264; baseline -0.004 -20"><span class='ocrx_word' id='word_1_107' title='bbox 337 2180 450 2245; x_wconf 88' lang='lat' dir='ltr'>tivam</span> <span class='ocrx_word' id='word_1_108' title='bbox 468 2181 503 2244; x_wconf 88' lang='lat' dir='ltr'>in</span> <span class='ocrx_word' id='word_1_109' title='bbox 522 2199 605 2246; x_wconf 89' lang='lat' dir='ltr'>suos</span> <span class='ocrx_word' id='word_1_110' title='bbox 623 2199 669 2246; x_wconf 82' lang='lat' dir='ltr'>ex</span> <span class='ocrx_word' id='word_1_111' title='bbox 687 2183 767 2264; x_wconf 88' lang='lat' dir='ltr'>ipsa</span> <span class='ocrx_word' id='word_1_112' title='bbox 782 2183 927 2247; x_wconf 88' lang='lat' dir='ltr'>ratione</span> <span class='ocrx_word' id='word_1_113' title='bbox 946 2187 1102 2247; x_wconf 86' lang='lat' dir='ltr'>constat:</span> <span class='ocrx_word' id='word_1_114' title='bbox 1122 2184 1289 2262; x_wconf 86' lang='lat' dir='ltr'>utsupra</span> <span class='ocrx_word' id='word_1_115' title='bbox 1306 2177 1448 2242; x_wconf 86' lang='lat' dir='ltr'>ostendi·</span> 
     </span>
     <span class='ocr_line' id='line_1_18' title="bbox 337 2285 1449 2374; baseline -0.004 -22"><span class='ocrx_word' id='word_1_116' title='bbox 337 2307 427 2368; x_wconf 83' lang='lat' dir='ltr'>mue,</span> <span class='ocrx_word' id='word_1_117' title='bbox 446 2289 604 2354; x_wconf 86' lang='lat' dir='ltr'>societas</span> <span class='ocrx_word' id='word_1_118' title='bbox 623 2290 787 2372; x_wconf 80' lang='lat' dir='ltr'>perfecta</span> <span class='ocrx_word' id='word_1_119' title='bbox 799 2291 881 2374; x_wconf 86' lang='lat' dir='ltr'>jure</span> <span class='ocrx_word' id='word_1_120' title='bbox 896 2291 1010 2373; x_wconf 91' lang='lat' dir='ltr'>pollet</span> <span class='ocrx_word' id='word_1_121' title='bbox 1023 2289 1193 2371; x_wconf 86' lang='lat' dir='ltr'>exigendi</span> <span class='ocrx_word' id='word_1_122' title='bbox 1207 2305 1229 2352; x_wconf 86' lang='lat' dir='ltr'>a</span> <span class='ocrx_word' id='word_1_123' title='bbox 1243 2285 1449 2352; x_wconf 85' lang='lat' dir='ltr'>consociatis</span> 
     </span>
     <span class='ocr_line' id='line_1_19' title="bbox 337 2391 1450 2478; baseline -0.003 -20"><span class='ocrx_word' id='word_1_124' title='bbox 337 2395 511 2478; x_wconf 90' lang='lat' dir='ltr'>quidquid</span> <span class='ocrx_word' id='word_1_125' title='bbox 540 2399 786 2462; x_wconf 84' lang='lat' dir='ltr'>necessarium</span> <span class='ocrx_word' id='word_1_126' title='bbox 812 2403 867 2464; x_wconf 86' lang='lat' dir='ltr'>est</span> <span class='ocrx_word' id='word_1_127' title='bbox 887 2398 933 2461; x_wconf 86' lang='lat' dir='ltr'>ad</span> <span class='ocrx_word' id='word_1_128' title='bbox 956 2398 1063 2462; x_wconf 87' lang='lat' dir='ltr'>finem</span> <span class='ocrx_word' id='word_1_129' title='bbox 1092 2395 1376 2478; x_wconf 63' lang='lat' dir='ltr'>adipiscendum</span> <span class='ocrx_word' id='word_1_130' title='bbox 1393 2391 1450 2457; x_wconf 88' lang='lat' dir='ltr'>sed</span> 
     </span>
     <span class='ocr_line' id='line_1_20' title="bbox 336 2499 1449 2589; baseline 0 -25"><span class='ocrx_word' id='word_1_131' title='bbox 336 2500 382 2564; x_wconf 85' lang='lat' dir='ltr'>ad</span> <span class='ocrx_word' id='word_1_132' title='bbox 401 2502 480 2566; x_wconf 86' lang='lat' dir='ltr'>tinia</span> <span class='ocrx_word' id='word_1_133' title='bbox 498 2505 791 2569; x_wconf 88' lang='lat' dir='ltr'>consecutionem</span> <span class='ocrx_word' id='word_1_134' title='bbox 810 2504 994 2589; x_wconf 85' lang='lat' dir='ltr'>quaelibet</span> <span class='ocrx_word' id='word_1_135' title='bbox 1011 2503 1196 2585; x_wconf 84' lang='lat' dir='ltr'>agentium</span> <span class='ocrx_word' id='word_1_136' title='bbox 1215 2499 1400 2566; x_wconf 90' lang='lat' dir='ltr'>multitudo</span> <span class='ocrx_word' id='word_1_137' title='bbox 1417 2501 1449 2564; x_wconf 87' lang='lat' dir='ltr'>in</span> 
     </span>
     <span class='ocr_line' id='line_1_21' title="bbox 336 2609 1447 2698; baseline -0.002 -26"><span class='ocrx_word' id='word_1_138' title='bbox 336 2609 498 2698; x_wconf 87' lang='lat' dir='ltr'>eumdem</span> <span class='ocrx_word' id='word_1_139' title='bbox 519 2628 667 2692; x_wconf 87' lang='lat' dir='ltr'>scopum</span> <span class='ocrx_word' id='word_1_140' title='bbox 685 2613 871 2695; x_wconf 82' lang='lat' dir='ltr'>colligata,</span> <span class='ocrx_word' id='word_1_141' title='bbox 892 2615 1059 2694; x_wconf 84' lang='lat' dir='ltr'>spectata</span> <span class='ocrx_word' id='word_1_142' title='bbox 1078 2609 1214 2692; x_wconf 89' lang='lat' dir='ltr'>triplici</span> <span class='ocrx_word' id='word_1_143' title='bbox 1232 2609 1447 2686; x_wconf 80' lang='lat' dir='ltr'>difficultate,</span> 
     </span>
     <span class='ocr_line' id='line_1_22' title="bbox 335 2717 1447 2800; baseline -0.002 -20"><span class='ocrx_word' id='word_1_144' title='bbox 335 2733 430 2799; x_wconf 88' lang='lat' dir='ltr'>quae</span> <span class='ocrx_word' id='word_1_145' title='bbox 459 2735 505 2782; x_wconf 88' lang='lat' dir='ltr'>ex</span> <span class='ocrx_word' id='word_1_146' title='bbox 523 2717 714 2800; x_wconf 88' lang='lat' dir='ltr'>multiplici</span> <span class='ocrx_word' id='word_1_147' title='bbox 740 2719 887 2783; x_wconf 84' lang='lat' dir='ltr'>humani</span> <span class='ocrx_word' id='word_1_148' title='bbox 916 2719 1124 2784; x_wconf 87' lang='lat' dir='ltr'>intellectas</span> <span class='ocrx_word' id='word_1_149' title='bbox 1158 2718 1371 2799; x_wconf 75' lang='lat' dir='ltr'>diuersitate,</span> <span class='ocrx_word' id='word_1_150' title='bbox 1389 2717 1447 2779; x_wconf 88' lang='lat' dir='ltr'>ire-</span> 
     </span>
     <span class='ocr_line' id='line_1_23' title="bbox 336 2822 1448 2907; baseline 0 -21"><span class='ocrx_word' id='word_1_151' title='bbox 336 2825 573 2906; x_wconf 83' lang='lat' dir='ltr'>quentissima</span> <span class='ocrx_word' id='word_1_152' title='bbox 591 2826 788 2889; x_wconf 85' lang='lat' dir='ltr'>voluntatis</span> <span class='ocrx_word' id='word_1_153' title='bbox 803 2827 1046 2907; x_wconf 72' lang='lat' dir='ltr'>inconstantia,</span> <span class='ocrx_word' id='word_1_154' title='bbox 1062 2823 1311 2906; x_wconf 91' lang='lat' dir='ltr'>indomitoque</span> <span class='ocrx_word' id='word_1_155' title='bbox 1325 2822 1448 2906; x_wconf 89' lang='lat' dir='ltr'>cupidi·</span> 
     </span>
     <span class='ocr_line' id='line_1_24' title="bbox 336 2929 1448 3015; baseline 0 -23"><span class='ocrx_word' id='word_1_156' title='bbox 336 2935 451 2994; x_wconf 85' lang='lat' dir='ltr'>totom</span> <span class='ocrx_word' id='word_1_157' title='bbox 476 2939 573 2997; x_wconf 82' lang='lat' dir='ltr'>aesta</span> <span class='ocrx_word' id='word_1_158' title='bbox 590 2933 766 3014; x_wconf 83' lang='lat' dir='ltr'>exsurgit,</span> <span class='ocrx_word' id='word_1_159' title='bbox 785 2933 924 3014; x_wconf 84' lang='lat' dir='ltr'>indiget</span> <span class='ocrx_word' id='word_1_160' title='bbox 941 2936 1125 3015; x_wconf 71' lang='lat' dir='ltr'>potestate</span> <span class='ocrx_word' id='word_1_161' title='bbox 1159 2931 1284 3014; x_wconf 82' lang='lat' dir='ltr'>aliqua</span> <span class='ocrx_word' id='word_1_162' title='bbox 1297 2932 1378 3013; x_wconf 78' lang='lat' dir='ltr'>Jure</span> <span class='ocrx_word' id='word_1_163' title='bbox 1406 2929 1448 2992; x_wconf 92' lang='lat' dir='ltr'>in·</span> 
     </span>
     <span class='ocr_line' id='line_1_25' title="bbox 336 3035 1449 3122; baseline -0.002 -23"><span class='ocrx_word' id='word_1_164' title='bbox 336 3035 1449 3122; x_wconf 81' lang='lat' dir='ltr'>atructadesignandimedio,omnesqueadeademadhibendo</span> 
     </span>
     <span class='ocr_line' id='line_1_26' title="bbox 337 3141 1446 3229; baseline 0.002 -25"><span class='ocrx_word' id='word_1_165' title='bbox 337 3142 501 3223; x_wconf 83' lang='lat' dir='ltr'>cogendi,</span> <span class='ocrx_word' id='word_1_166' title='bbox 522 3145 557 3207; x_wconf 92' lang='lat' dir='ltr'>in</span> <span class='ocrx_word' id='word_1_167' title='bbox 575 3163 644 3227; x_wconf 90' lang='lat' dir='ltr'>quo</span> <span class='ocrx_word' id='word_1_168' title='bbox 675 3145 840 3229; x_wconf 88' lang='lat' dir='ltr'>equidem</span> <span class='ocrx_word' id='word_1_169' title='bbox 858 3147 927 3210; x_wconf 88' lang='lat' dir='ltr'>sita</span> <span class='ocrx_word' id='word_1_170' title='bbox 952 3150 1007 3210; x_wconf 87' lang='lat' dir='ltr'>est</span> <span class='ocrx_word' id='word_1_171' title='bbox 1025 3150 1190 3226; x_wconf 86' lang='lat' dir='ltr'>potestas</span> <span class='ocrx_word' id='word_1_172' title='bbox 1208 3145 1377 3228; x_wconf 75' lang='lat' dir='ltr'>legilera3</span> <span class='ocrx_word' id='word_1_173' title='bbox 1395 3141 1446 3224; x_wconf 82' lang='lat' dir='ltr'>igi·</span> 
     </span>
    </p>
   </div>
   <div class='ocr_carea' id='block_1_3' title="bbox 242 3247 1449 3333">
    <p class='ocr_par' dir='ltr' id='par_1_5' title="bbox 242 3247 1449 3333">
     <span class='ocr_line' id='line_1_27' title="bbox 242 3247 1449 3333; baseline 0.002 -25"><span class='ocrx_word' id='word_1_174' title='bbox 242 3257 244 3260; x_wconf 88' lang='grc'><strong><em>·</em></strong></span> <span class='ocrx_word' id='word_1_175' title='bbox 337 3252 395 3309; x_wconf 89' lang='lat' dir='ltr'>tur</span> <span class='ocrx_word' id='word_1_176' title='bbox 427 3247 575 3312; x_wconf 89' lang='lat' dir='ltr'>cuilibet</span> <span class='ocrx_word' id='word_1_177' title='bbox 606 3251 772 3314; x_wconf 83' lang='lat' dir='ltr'>societati</span> <span class='ocrx_word' id='word_1_178' title='bbox 804 3253 993 3333; x_wconf 84' lang='lat' dir='ltr'>perlectae</span> <span class='ocrx_word' id='word_1_179' title='bbox 1025 3250 1191 3332; x_wconf 86' lang='lat' dir='ltr'>integre,</span> <span class='ocrx_word' id='word_1_180' title='bbox 1227 3251 1392 3316; x_wconf 86' lang='lat' dir='ltr'>absolute</span> <span class='ocrx_word' id='word_1_181' title='bbox 1420 3250 1449 3311; x_wconf 88' lang='lat' dir='ltr'>et</span> 
     </span>
    </p>
   </div>
   <div class='ocr_carea' id='block_1_4' title="bbox 338 3351 1225 3440">
    <p class='ocr_par' dir='ltr' id='par_1_6' title="bbox 338 3351 1225 3440">
     <span class='ocr_line' id='line_1_28' title="bbox 338 3351 1225 3440; baseline 0.01 -27"><span class='ocrx_word' id='word_1_182' title='bbox 338 3351 538 3415; x_wconf 84' lang='lat' dir='ltr'>certissimo</span> <span class='ocrx_word' id='word_1_183' title='bbox 552 3355 724 3436; x_wconf 85' lang='lat' dir='ltr'>competit</span> <span class='ocrx_word' id='word_1_184' title='bbox 738 3355 893 3422; x_wconf 82' lang='lat' dir='ltr'>incultas</span> <span class='ocrx_word' id='word_1_185' title='bbox 912 3358 1013 3440; x_wconf 87' lang='lat' dir='ltr'>leges</span> <span class='ocrx_word' id='word_1_186' title='bbox 1031 3357 1225 3422; x_wconf 90' lang='lat' dir='ltr'>condendi.</span> 
     </span>
    </p>
   </div>
   <div class='ocr_carea' id='block_1_5' title="bbox 337 3541 517 3553">
    <p class='ocr_par' dir='ltr' id='par_1_7' title="bbox 337 3541 517 3553">
     <span class='ocr_line' id='line_1_29' title="bbox 337 3541 517 3553; baseline 0.017 -3"><span class='ocrx_word' id='word_1_187' title='bbox 337 3541 517 3553; x_wconf 51' lang='grc' dir='ltr'>ι-------ς</span> 
     </span>
    </p>
   </div>
   <div class='ocr_carea' id='block_1_6' title="bbox 337 3685 1450 4112">
    <p class='ocr_par' dir='ltr' id='par_1_8' title="bbox 337 3685 1450 4112">
     <span class='ocr_line' id='line_1_30' title="bbox 407 3685 1449 3768; baseline 0.012 -33"><span class='ocrx_word' id='word_1_188' title='bbox 407 3686 443 3746; x_wconf 84' lang='lat' dir='ltr'>(l)</span> <span class='ocrx_word' id='word_1_189' title='bbox 480 3685 573 3768; x_wconf 80' lang='lat' dir='ltr'>llodie</span> <span class='ocrx_word' id='word_1_190' title='bbox 586 3690 615 3740; x_wconf 90' lang='lat' dir='ltr'>in</span> <span class='ocrx_word' id='word_1_191' title='bbox 628 3690 735 3743; x_wconf 77' lang='lat' dir='ltr'>scholia</span> <span class='ocrx_word' id='word_1_192' title='bbox 755 3693 885 3758; x_wconf 82' lang='lat' dir='ltr'>juridicia</span> <span class='ocrx_word' id='word_1_193' title='bbox 911 3697 1039 3760; x_wconf 81' lang='lat' dir='ltr'>potestas</span> <span class='ocrx_word' id='word_1_194' title='bbox 1063 3695 1180 3761; x_wconf 83' lang='lat' dir='ltr'>publica</span> <span class='ocrx_word' id='word_1_195' title='bbox 1205 3698 1354 3752; x_wconf 77' lang='lat' dir='ltr'>societatis</span> <span class='ocrx_word' id='word_1_196' title='bbox 1374 3693 1449 3763; x_wconf 83' lang='lat' dir='ltr'>peric·</span> 
     </span>
     <span class='ocr_line' id='line_1_31' title="bbox 337 3759 1449 3837; baseline 0.022 -33"><span class='ocrx_word' id='word_1_197' title='bbox 337 3765 397 3806; x_wconf 84' lang='lat' dir='ltr'>ctae</span> <span class='ocrx_word' id='word_1_198' title='bbox 411 3771 516 3837; x_wconf 70' lang='lat' dir='ltr'>passim</span> <span class='ocrx_word' id='word_1_199' title='bbox 531 3759 616 3811; x_wconf 85' lang='lat' dir='ltr'>tribui</span> <span class='ocrx_word' id='word_1_200' title='bbox 638 3764 744 3814; x_wconf 85' lang='lat' dir='ltr'>assolet</span> <span class='ocrx_word' id='word_1_201' title='bbox 757 3765 784 3815; x_wconf 89' lang='lat' dir='ltr'>in</span> <span class='ocrx_word' id='word_1_202' title='bbox 810 3765 999 3834; x_wconf 78' lang='lat' dir='ltr'>depietatioam,</span> <span class='ocrx_word' id='word_1_203' title='bbox 1007 3763 1171 3833; x_wconf 65' lang='lat' dir='ltr'>judicialem</span> <span class='ocrx_word' id='word_1_204' title='bbox 1182 3771 1211 3822; x_wconf 87' lang='lat' dir='ltr'>et</span> <span class='ocrx_word' id='word_1_205' title='bbox 1233 3767 1449 3828; x_wconf 66' lang='lat' dir='ltr'>annuntianti</span> 
     </span>
     <span class='ocr_line' id='line_1_32' title="bbox 337 3828 1449 3914; baseline 0.018 -41"><span class='ocrx_word' id='word_1_206' title='bbox 337 3828 405 3904; x_wconf 80' lang='lat' dir='ltr'>tunc</span> <span class='ocrx_word' id='word_1_207' title='bbox 419 3833 544 3914; x_wconf 68' lang='lat' dir='ltr'>concava</span> <span class='ocrx_word' id='word_1_208' title='bbox 567 3832 595 3881; x_wconf 89' lang='lat' dir='ltr'>in</span> <span class='ocrx_word' id='word_1_209' title='bbox 621 3839 764 3898; x_wconf 81' lang='lat' dir='ltr'>postrema</span> <span class='ocrx_word' id='word_1_210' title='bbox 788 3839 956 3900; x_wconf 62' lang='lat' dir='ltr'>continetur:</span> <span class='ocrx_word' id='word_1_211' title='bbox 970 3840 1086 3903; x_wconf 84' lang='lat' dir='ltr'>etenim,</span> <span class='ocrx_word' id='word_1_212' title='bbox 1099 3840 1184 3904; x_wconf 76' lang='lat' dir='ltr'>iuxta</span> <span class='ocrx_word' id='word_1_213' title='bbox 1205 3845 1373 3894; x_wconf 73' lang='lat' dir='ltr'>tractatore·</span> <span class='ocrx_word' id='word_1_214' title='bbox 1385 3836 1449 3889; x_wconf 72' lang='lat' dir='ltr'>Jutifl</span> 
     </span>
     <span class='ocr_line' id='line_1_33' title="bbox 337 3895 1450 3987; baseline 0.015 -43"><span class='ocrx_word' id='word_1_215' title='bbox 337 3907 399 3987; x_wconf 57' lang='lat' dir='ltr'>etue</span> <span class='ocrx_word' id='word_1_216' title='bbox 414 3895 554 3948; x_wconf 74' lang='lat' dir='ltr'>naturane</span> <span class='ocrx_word' id='word_1_217' title='bbox 566 3901 627 3952; x_wconf 77' lang='lat' dir='ltr'>sive</span> <span class='ocrx_word' id='word_1_218' title='bbox 640 3903 756 3968; x_wconf 87' lang='lat' dir='ltr'>Publici,</span> <span class='ocrx_word' id='word_1_219' title='bbox 769 3910 827 3958; x_wconf 82' lang='lat' dir='ltr'>tres</span> <span class='ocrx_word' id='word_1_220' title='bbox 837 3914 904 3959; x_wconf 80' lang='lat' dir='ltr'>sunt</span> <span class='ocrx_word' id='word_1_221' title='bbox 915 3908 1111 3962; x_wconf 73' lang='lat' dir='ltr'>cot-tributiones</span> <span class='ocrx_word' id='word_1_222' title='bbox 1123 3913 1280 3976; x_wconf 82' lang='lat' dir='ltr'>potestatis</span> <span class='ocrx_word' id='word_1_223' title='bbox 1288 3910 1450 3966; x_wconf 66' lang='lat' dir='ltr'>metaneae:</span> 
     </span>
     <span class='ocr_line' id='line_1_34' title="bbox 340 3964 1449 4050; baseline 0.017 -37"><span class='ocrx_word' id='word_1_224' title='bbox 340 3967 351 4014; x_wconf 87' lang='lat'>1</span> <span class='ocrx_word' id='word_1_225' title='bbox 390 3964 511 4016; x_wconf 73' lang='lat' dir='ltr'>incultas</span> <span class='ocrx_word' id='word_1_226' title='bbox 525 3970 653 4030; x_wconf 68' lang='lat' dir='ltr'>anthemii</span> <span class='ocrx_word' id='word_1_227' title='bbox 667 3989 718 4025; x_wconf 83' lang='lat' dir='ltr'>seu</span> <span class='ocrx_word' id='word_1_228' title='bbox 732 3979 848 4036; x_wconf 71' lang='lat' dir='ltr'>recondi</span> <span class='ocrx_word' id='word_1_229' title='bbox 860 3994 1005 4044; x_wconf 64' lang='lat' dir='ltr'>personam</span> <span class='ocrx_word' id='word_1_230' title='bbox 1021 3979 1058 4034; x_wconf 78' lang='grc'>2.·</span> <span class='ocrx_word' id='word_1_231' title='bbox 1070 3983 1118 4048; x_wconf 80' lang='lat' dir='ltr'>jus</span> <span class='ocrx_word' id='word_1_232' title='bbox 1129 3979 1449 4050; x_wconf 64' lang='lat' dir='ltr'>administrationem</span> 
     </span>
     <span class='ocr_line' id='line_1_35' title="bbox 338 4036 958 4112; baseline 0.032 -29"><span class='ocrx_word' id='word_1_233' title='bbox 338 4036 391 4098; x_wconf 87' lang='lat' dir='ltr'>eet,</span> <span class='ocrx_word' id='word_1_234' title='bbox 404 4037 521 4088; x_wconf 84' lang='lat' dir='ltr'>curandi</span> <span class='ocrx_word' id='word_1_235' title='bbox 534 4037 616 4102; x_wconf 83' lang='lat' dir='ltr'>bona;</span> <span class='ocrx_word' id='word_1_236' title='bbox 632 4047 667 4094; x_wconf 51' lang='lat' dir='ltr'>3st</span> <span class='ocrx_word' id='word_1_237' title='bbox 681 4052 809 4112; x_wconf 79' lang='lat' dir='ltr'>potestas</span> <span class='ocrx_word' id='word_1_238' title='bbox 823 4053 958 4102; x_wconf 83' lang='lat' dir='ltr'>coactiva.</span> 
     </span>
    </p>
   </div>
   <div class='ocr_carea' id='block_1_7' title="bbox 408 4102 1448 4193">
    <p class='ocr_par' dir='ltr' id='par_1_9' title="bbox 408 4102 1448 4193">
     <span class='ocr_line' id='line_1_36' title="bbox 408 4102 1448 4193; baseline 0.027 -40"><span class='ocrx_word' id='word_1_239' title='bbox 408 4105 466 4157; x_wconf 84' lang='lat' dir='ltr'>Nos</span> <span class='ocrx_word' id='word_1_240' title='bbox 480 4107 508 4156; x_wconf 91' lang='lat' dir='ltr'>in</span> <span class='ocrx_word' id='word_1_241' title='bbox 522 4111 660 4166; x_wconf 81' lang='lat' dir='ltr'>tredendo</span> <span class='ocrx_word' id='word_1_242' title='bbox 675 4113 743 4168; x_wconf 81' lang='lat' dir='ltr'>lure</span> <span class='ocrx_word' id='word_1_243' title='bbox 756 4119 954 4174; x_wconf 77' lang='lat' dir='ltr'>Ecclesiastico</span> <span class='ocrx_word' id='word_1_244' title='bbox 966 4122 1062 4176; x_wconf 81' lang='lat' dir='ltr'>tritam</span> <span class='ocrx_word' id='word_1_245' title='bbox 1076 4125 1107 4177; x_wconf 89' lang='lat' dir='ltr'>et</span> <span class='ocrx_word' id='word_1_246' title='bbox 1117 4102 1312 4180; x_wconf 69' lang='lat' dir='ltr'>comnbrniter</span> <span class='ocrx_word' id='word_1_247' title='bbox 1322 4127 1448 4193; x_wconf 73' lang='lat' dir='ltr'>receptum</span> 
     </span>
    </p>
   </div>
   <div class='ocr_carea' id='block_1_8' title="bbox 339 4172 1449 4266">
    <p class='ocr_par' dir='ltr' id='par_1_10' title="bbox 339 4172 1449 4266">
     <span class='ocr_line' id='line_1_37' title="bbox 339 4172 1449 4266; baseline 0.031 -44"><span class='ocrx_word' id='word_1_248' title='bbox 339 4172 509 4228; x_wconf 76' lang='lat' dir='ltr'>divisionem</span> <span class='ocrx_word' id='word_1_249' title='bbox 530 4180 558 4230; x_wconf 94' lang='lat' dir='ltr'>in</span> <span class='ocrx_word' id='word_1_250' title='bbox 575 4185 744 4246; x_wconf 80' lang='lat' dir='ltr'>potestatem</span> <span class='ocrx_word' id='word_1_251' title='bbox 758 4188 909 4259; x_wconf 63' lang='lat' dir='ltr'>dapiferum.</span> <span class='ocrx_word' id='word_1_252' title='bbox 918 4192 1081 4260; x_wconf 80' lang='lat' dir='ltr'>judicialem</span> <span class='ocrx_word' id='word_1_253' title='bbox 1094 4201 1124 4249; x_wconf 89' lang='lat' dir='ltr'>et</span> <span class='ocrx_word' id='word_1_254' title='bbox 1136 4196 1291 4252; x_wconf 81' lang='lat' dir='ltr'>coactivam</span> <span class='ocrx_word' id='word_1_255' title='bbox 1304 4208 1449 4266; x_wconf 68' lang='lat' dir='ltr'>sequemur,</span> 
     </span>
    </p>
   </div>
   <div class='ocr_carea' id='block_1_9' title="bbox 339 4245 1511 4378">
    <p class='ocr_par' dir='ltr' id='par_1_11' title="bbox 339 4245 1511 4378">
     <span class='ocr_line' id='line_1_38' title="bbox 339 4245 1511 4378; baseline 0.026 -84"><span class='ocrx_word' id='word_1_256' title='bbox 339 4245 468 4378; x_wconf 53' lang='lat' dir='ltr'>ggigtpro</span> <span class='ocrx_word' id='word_1_257' title='bbox 487 4261 572 4316; x_wconf 78' lang='lat' dir='ltr'>acopo</span> <span class='ocrx_word' id='word_1_258' title='bbox 585 4265 681 4308; x_wconf 82' lang='lat' dir='ltr'>nostro</span> <span class='ocrx_word' id='word_1_259' title='bbox 703 4261 869 4327; x_wconf 80' lang='lat' dir='ltr'>attingendo</span> <span class='ocrx_word' id='word_1_260' title='bbox 891 4263 1041 4318; x_wconf 83' lang='lat' dir='ltr'>sufficiens</span> <span class='ocrx_word' id='word_1_261' title='bbox 1054 4266 1211 4321; x_wconf 85' lang='lat' dir='ltr'>videturet</span> <span class='ocrx_word' id='word_1_262' title='bbox 1235 4269 1392 4338; x_wconf 79' lang='lat' dir='ltr'>simplicior</span> <span class='ocrx_word' id='word_1_263' title='bbox 1412 4280 1450 4331; x_wconf 73' lang='lat' dir='ltr'>tp·</span> <span class='ocrx_word' id='word_1_264' title='bbox 1510 4349 1511 4352; x_wconf 7' lang='grc' dir='ltr'><strong>Ἴ</strong></span> 
     </span>
    </p>
   </div>
   <div class='ocr_carea' id='block_1_10' title="bbox 0 0 1522 4980">
    <p class='ocr_par' dir='ltr' id='par_1_12' title="bbox 0 0 1522 4980">
     <span class='ocr_line' id='line_1_39' title="bbox 0 0 1522 4980; baseline 0 0"><span class='ocrx_word' id='word_1_265' title='bbox 0 0 1522 4980; x_wconf 95' lang='lat' dir='ltr'> </span> 
     </span>
    </p>
   </div>
  </div>
 </body>
</html>
