3034 4990
822 393 858 406 -
881 358 1001 422 302-

352 505 455 572 tiorcs
485 504 729 589 nominantur,
762 523 808 572 ex
825 506 1051 590 protectione
1069 505 1262 573 deductum
1294 509 1354 574 vel
1386 525 1461 573 cum

351 613 578 695 protectione
595 615 838 698 conjunctum,
854 613 1063 679 convellere
1079 614 1254 698 cogimur,
1269 633 1394 680 veram
1404 634 1461 680 na·

350 725 470 786 turam
487 725 678 805 rectosque
695 721 827 786 limites
840 721 933 802 juris
956 721 1177 786 defensionis
1195 723 1460 804 praefinientes,

442 829 517 894 186.
566 827 939 894 Animadvertendum
965 828 1127 894 ducimus
1175 847 1324 912 scopum
1361 847 1461 912 quem

350 936 565 1019 saepissime
580 936 648 1001 sibi
666 941 873 1019 proponunt
890 941 926 1001 et
950 940 1216 1019 persequuntur
1246 936 1460 1020 Regalistae,

351 1059 432 1107 curn
451 1041 639 1106 tuitionem
656 1042 903 1106 vociferantes
921 1042 1011 1106 adeo
1032 1042 1223 1124 extollunt,
1256 1044 1363 1108 aliurn
1395 1061 1462 1108 nou

351 1165 432 1215 esse
448 1149 517 1214 nisi
531 1149 731 1214 ominosam
759 1149 947 1214 Ecclesiae
974 1149 1201 1233 servitutem,
1217 1155 1324 1232 prout
1354 1150 1460 1216 inelu-

350 1255 534 1320 ctabiliter
547 1256 721 1320 evincunt
738 1255 806 1319 duo
820 1255 920 1320 iacta
933 1256 1233 1322 luculentissima:
1246 1257 1296 1322 1.⁰
1309 1257 1459 1324 declina·

350 1365 400 1428 tio
415 1363 475 1427 vel
493 1363 612 1446 potius
627 1361 843 1446 depravatio
859 1363 1009 1445 hujusce
1026 1365 1245 1446 praetensae
1277 1365 1459 1448 protectio-

351 1469 407 1534 nis
423 1469 459 1535 in
486 1476 760 1556 protectoratcm
777 1486 866 1534 vere
882 1469 1052 1552 invisum,
1071 1477 1198 1534 coacte
1215 1473 1251 1535 et
1276 1471 1459 1537 arbitraria

350 1577 563 1658 exercitum;
581 1574 633 1640 29
650 1575 821 1659 frequens
838 1593 882 1640 ac
900 1575 1062 1641 violenta
1092 1577 1243 1644 intrusio
1277 1577 1458 1662 potestatis

350 1683 550 1748 saecularis
562 1683 598 1748 in
611 1699 670 1748 res
683 1682 873 1764 religiosas
902 1687 1011 1766 atque
1036 1683 1075 1748 in
1089 1681 1276 1750 Ecclesiae
1307 1687 1459 1768 regimen

350 1794 388 1854 et
404 1788 647 1872 disciplinam.

440 1895 515 1962 187.
563 1895 627 1961 His
640 1895 877 1978 praehabitis,
896 1895 942 1960 ad
956 1895 1169 1962 tradendam
1180 1898 1371 1979 genuinam
1385 1915 1457 1981 pro·

350 2003 518 2069 iectionis
536 2004 719 2069 notionem
733 2002 980 2068 deveniamus.

439 2111 621 2192 Precatio,
641 2127 735 2194 quae
753 2109 862 2174 etiam
879 2109 997 2190 tuitio,
1017 2108 1191 2192 custodia,
1222 2110 1282 2174 vel
1307 2109 1456 2175 defensio

351 2217 517 2299 appelari
535 2217 642 2300 solet,
662 2217 817 2299 duplicis
833 2215 978 2299 generis
996 2220 1063 2298 est,
1093 2211 1339 2283 auctoritativa
1353 2221 1388 2280 et
1403 2217 1456 2280 mi-

350 2325 554 2390 nisterialis:
573 2325 691 2408 prima
711 2323 842 2389 dicitur
859 2341 904 2388 ea
920 2341 1027 2407 quam
1042 2324 1208 2407 superior
1225 2329 1386 2408 praestat
1412 2325 1454 2388 in·

349 2431 474 2496 seriori
490 2433 558 2498 sibi
574 2432 729 2512 subdit03
747 2431 865 2496 altera
881 2431 946 2495 illa
969 2449 1077 2513 quam
1107 2432 1272 2514 inferior,
1305 2433 1378 2497 sive
1406 2449 1454 2494 ra-

350 2538 448 2603 tione
465 2540 640 2604 materiae
658 2539 737 2603 sive
767 2539 899 2602 saltem
930 2537 1010 2602 linis
1044 2538 1172 2619 ultimi,
1203 2545 1367 2621 praestat
1396 2536 1454 2602 sibi

350 2645 540 2727 superiori;
559 2644 642 2710 hinc
662 2644 800 2709 eruitur
817 2644 1080 2726 protectionem
1099 2663 1121 2708 a
1149 2643 1255 2709 Statu
1285 2645 1454 2710 Ecclesiae

351 2751 509 2818 debitam
528 2751 627 2816 nullo
645 2755 753 2834 pacto
787 2767 867 2815 esse
896 2751 1205 2836 auctoritatiram,
1237 2753 1303 2818 sed
1330 2757 1452 2817 tantum

350 2857 637 2938 ministerialem,
657 2859 791 2942 quippe
805 2855 983 2938 Ecclesia,
1009 2859 1119 2939 juxta
1135 2858 1391 2940 demonstrata,
1407 2876 1452 2922 su·

350 2965 564 3048 perieritate
577 2965 735 3048 juridica
749 2969 785 3028 et
798 2982 888 3029 vera
901 2965 1109 3047 majoritate
1122 2966 1237 3049 pollet
1250 2985 1340 3050 prae
1356 2967 1452 3032 socie·

351 3074 428 3136 tate
446 3071 557 3137 civili.

438 3177 562 3244 Potest
578 3179 687 3243 etiam
704 3177 876 3260 distingui
893 3179 1084 3261 protectio,
1103 3196 1176 3244 non
1205 3183 1370 3262 spectata
1385 3195 1451 3261 per·

350 3304 441 3350 sona
458 3305 479 3350 a
497 3305 568 3370 qua
591 3286 816 3370 praestanda
847 3289 914 3368 est,
944 3285 1008 3350 sed
1036 3287 1184 3352 attentis
1218 3304 1327 3352 seusu
1358 3293 1450 3368 atque

351 3394 562 3459 extensione
580 3393 707 3459 auxilii
718 3391 942 3475 praestandi,
960 3393 997 3457 iu
1011 3394 1206 3478 cepaticum
1220 3396 1257 3458 et
1266 3370 1449 3479 politicam:

351 3500 414 3565 illa
432 3502 503 3566 sita
520 3501 628 3566 estin
647 3500 856 3565 exclusione
873 3516 937 3562 seu
952 3501 1148 3582 negatione
1165 3499 1340 3584 cujusque
1356 3501 1450 3564 intru-

351 3608 461 3673 sionis
479 3608 539 3672 vel
555 3615 755 3673 extraneae
771 3606 1061 3690 interventionis3
1082 3607 1173 3674 haec
1190 3625 1280 3673 vero
1305 3605 1451 3672 consistit

351 3715 389 3778 iu
416 3715 617 3780 inclusione
646 3714 707 3779 vel
740 3711 959 3778 admissione
986 3713 1139 3795 legitimi
1181 3731 1373 3780 concursus
1403 3709 1451 3778 vel

351 3822 513 3888 mandati
530 3825 768 3907 praesumpti.

442 3931 516 3995 188.
565 3931 746 3996 Protectio
765 3930 887 3996 Status
905 3949 995 4016 erga
1012 3931 1213 3996 Ecclesiam
1229 3933 1383 3997 insensu
1407 3948 1449 3993 aa·

351 4037 467 4120 patino
480 4043 637 4120 sumpta,
671 4043 796 4119 utpote
828 4056 927 4104 mere
953 4038 1212 4121 ministerialis,
1230 4039 1300 4105 duo
1318 4035 1451 4104 eadam

354 4145 390 4206 et
407 4143 536 4226 rejicit,
555 4161 648 4227 quae
666 4144 800 4226 duplici
813 4145 940 4228 regula
953 4145 1143 4210 formulari
1160 4150 1324 4228 possunt:

444 4249 496 4313 La
540 4251 709 4317 Preteotio
737 4253 910 4318 societatis
931 4253 1146 4338 protegentis
1176 4250 1326 4334 (Status)
1354 4269 1448 4336 quara·
