3034 4990
787 391 906 448 -334
929 423 967 436 -

317 537 512 599 renuentes
525 534 572 598 ad
585 534 670 616 jura
685 532 874 600 Ecclesiae
887 533 1085 615 servanda,
1118 551 1191 617 qua
1218 533 1349 616 agendi
1374 554 1429 601 ra·

316 641 416 706 tione
430 639 552 706 Status
569 639 740 704 catholici
755 643 793 704 et
805 639 996 704 christiani
1008 641 1197 722 Principes
1215 645 1252 704 et
1264 641 1323 721 jus
1354 659 1432 724 pro·

317 747 435 829 prium
453 751 561 830 atque
573 744 816 811 indubitatum
829 751 1046 812 exercerent
1061 752 1099 812 et
1115 747 1323 829 exemplum
1335 747 1431 813 dissi-

317 852 478 918 dentium
495 855 746 936 sequerentur.

405 959 448 1023 In
465 958 590 1040 primis
604 958 712 1039 enim,
727 958 765 1022 in
782 965 904 1022 actum
931 957 1149 1024 reducerent
1163 961 1223 1041 jus
1240 959 1429 1041 legitimum

316 1065 551 1146 defensionis,
570 1065 645 1131 vim
677 1065 714 1128 vi
730 1064 954 1147 repellendo,
989 1064 1283 1149 quandoquidem
1314 1085 1429 1132 omnes

316 1170 441 1236 Status
458 1171 648 1236 christiani
669 1189 750 1237 cum
762 1189 855 1236 vera
871 1171 1037 1236 Ecclesia
1053 1171 1161 1237 fldem
1174 1177 1211 1236 et
1223 1173 1430 1238 communio·

316 1295 399 1344 nem
416 1277 604 1357 habentes,
620 1285 772 1360 propter
785 1279 961 1342 unitatem
975 1283 1011 1342 et
1025 1278 1314 1346 catholicitatem
1325 1280 1430 1362 ipsius

318 1383 518 1465 Ecclesiae,
538 1383 700 1448 membra
712 1390 796 1448 sunt
814 1384 920 1448 unius
943 1384 1178 1467 eJusdemque
1196 1387 1366 1468 corporis,
1381 1392 1430 1450 at·

317 1507 388 1572 que
405 1489 486 1555 ideo
502 1493 672 1554 tenentur
686 1490 782 1554 illius
796 1490 882 1570 jnra
898 1491 1063 1554 revereri
1091 1508 1136 1556 ac
1168 1493 1274 1572 tueri,
1297 1509 1431 1557 necnon

317 1595 493 1660 fratribus
505 1595 579 1660 suis
593 1612 698 1678 opem
711 1595 820 1660 ferre.
836 1594 991 1674 Deinde,
1011 1595 1100 1678 ipsis
1134 1596 1430 1662 heterodoxorum

318 1701 485 1782 vestigiis
504 1701 725 1782 insisterent,
744 1702 804 1784 qui
823 1719 889 1783 pro
906 1700 1067 1766 Statibus
1084 1701 1301 1768 acatholicis
1324 1703 1431 1768 vindl-

318 1805 457 1888 candis,
473 1806 525 1870 uti
549 1807 663 1886 ajunt,
682 1807 720 1869 vi
737 1806 907 1872 coactiva
916 1815 1044 1872 centra
1057 1807 1259 1874 catholicos
1272 1811 1326 1874 usi
1340 1815 1430 1891 sunt;

317 1913 370 1976 ita
384 1911 539 1976 vidimus
555 1913 805 1978 Protestantes
821 1912 1078 1978 coercitionem
1096 1931 1355 1996 saepenumero
1371 1915 1430 1980 ad·

317 2019 477 2086 hibuisse
491 2018 538 2083 ad
554 2019 783 2102 repellendos
802 2019 1087 2084 orthodoxorum
1114 2021 1281 2087 incursus
1310 2021 1430 2088 adver·

316 2145 378 2192 sus
395 2145 479 2192 suos
496 2127 669 2206 asseclas;
682 2127 892 2210 pariterque
909 2127 1057 2206 Russos,
1068 2127 1256 2210 religionis
1269 2129 1429 2193 fraterni·

318 2238 393 2298 tate
407 2239 603 2316 permotos,
619 2234 886 2315 protectionem
900 2237 936 2296 et
953 2250 1056 2297 arma
1086 2235 1215 2298 crebro
1243 2236 1430 2317 sumpsisse

317 2358 383 2423 pro
402 2339 630 2404 defendenda
654 2339 824 2404 libertate
851 2337 1076 2404 Graecorum
1104 2339 1428 2407 SchismatIcorum.

406 2445 483 2508 208.
532 2445 610 2528 Age
623 2447 712 2527 jam,
728 2447 931 2528 praefigere
944 2465 1174 2530 summopere
1189 2449 1304 2514 refert
1316 2449 1429 2514 condi·

317 2550 452 2616 tionem
461 2550 654 2632 juridicam
669 2552 858 2618 Ecclesiae
892 2551 1104 2620 Catholicae
1134 2555 1231 2637 apud
1258 2562 1382 2637 gentes
1399 2560 1431 2618 et

316 2657 470 2739 populos
488 2657 534 2722 ab
547 2658 686 2722 unitate
699 2658 782 2722 lidel
800 2664 836 2722 ct
852 2661 1114 2724 communionis
1148 2665 1373 2745 segregatos,
1391 2679 1430 2726 ea

317 2767 437 2832 mente
451 2767 624 2847 et'seepo,
644 2769 682 2830 ut
695 2767 859 2830 omnibus
877 2767 1004 2831 melius
1014 2769 1245 2833 innotescant
1259 2786 1429 2852 quaenam

316 2873 389 2936 sint
401 2871 598 2937 relationes
615 2873 709 2937 inter
726 2872 929 2938 Ecclesiam
946 2877 983 2938 et
1007 2875 1175 2940 nationes
1192 2875 1428 2942 heterodoxos

317 2976 505 3060 colendae,
521 2984 557 3042 et
573 2978 745 3060 quidnam
758 2981 850 3061 juris
862 2981 927 3044 illa
951 2981 998 3045 ab
1016 2980 1071 3045 his
1090 2982 1282 3048 evidenter
1312 2989 1429 3066 petere

319 3083 455 3150 valeat.

405 3190 552 3272 Absque
570 3192 645 3257 ulla
663 3193 886 3258 dubitatione
902 3211 1068 3260 asserere
1092 3213 1282 3279 possumus
1298 3195 1429 3270 ¹Eccle-

315 3296 393 3361 siae
410 3297 528 3362 relate
543 3297 590 3362 ad
607 3297 729 3364 Status
741 3299 929 3366 haereticos
943 3301 1004 3367 vel
1017 3303 1251 3368 schiamaticcs
1271 3303 1342 3367 tria
1353 3303 1430 3383 Jura

316 3407 537 3485 competere,
555 3403 684 3486 quibus
700 3405 850 3470 totidem
864 3406 986 3472 officia
1005 3409 1192 3474 societatis
1210 3409 1428 3474 acatholicae

316 3509 548 3592 respondent,
564 3511 716 3576 scilicet:
735 3513 928 3579 libertatem
940 3515 1190 3580 necessariam
1214 3514 1262 3580 ad
1279 3516 1427 3580 existen-

315 3615 412 3698 dum,
435 3618 684 3701 protectionem
711 3635 937 3685 communem
955 3621 1002 3685 ad
1020 3622 1174 3688 tutelam
1189 3621 1329 3686 liberae
1362 3617 1428 3686 exi·

314 3723 485 3805 stantiae,
499 3729 536 3788 et
551 3727 783 3808 apostolatum
807 3726 853 3791 ad
867 3728 1063 3794 veritatem
1079 3728 1369 3796 diffundendam.

404 3829 426 3894 J
429 3847 469 3896 us
485 3831 668 3898 libertatis.
687 3830 814 3914 Quoad
830 3834 1025 3900 societates
1041 3836 1282 3916 heterodoaca,
1314 3833 1428 3901 Eccle-

315 3936 371 4000 sia
386 3935 497 4001 habet
508 3937 569 4017 jus
585 3939 733 4019 petendi
747 3943 782 4004 et
795 3937 917 4006 Status
935 3941 1161 4007 acatholicus
1180 3941 1340 4006 officium
1357 3956 1427 4024 per·

315 4042 493 4124 mittendi,
511 4047 550 4108 ut
567 4045 701 4110 subditi
718 4044 901 4128 catholici,
935 4047 968 4112 si
996 4047 1110 4132 aliqui
1143 4047 1228 4131 sint,
1258 4047 1429 4114 catholice

315 4145 445 4212 vivant
462 4149 677 4232 religionem
692 4169 796 4216 suam
821 4152 937 4218 libere
955 4153 1181 4236 profitentes,
1220 4154 1310 4238 quin
1327 4151 1428 4218 mole·

314 4253 394 4318 stiis
407 4253 613 4322 afficiantur
625 4275 743 4341 neque
752 4259 895 4340 iuribus
912 4260 1082 4326 civilibus
1095 4260 1300 4344 priventur,
1319 4255 1429 4327 simul·
