3024 4994
533 456 571 467 -
593 421 710 494 aar..

80 567 170 630 duum
186 566 438 631 ecclesiastiea
450 566 689 649 institutione,
708 566 776 630 hoc
789 568 856 648 est,
875 583 921 630 ex
950 565 1180 648 delegatione

79 671 242 737 Pontifieis
260 691 305 738 ac
321 673 596 756 Episcoporum:
616 671 822 755 huJusmodi
839 669 1080 738 ecclesiastici
1100 689 1181 753 gra·

79 778 133 842 dus
150 778 408 844 accidentalem
422 779 611 844 Ecclesiae
625 779 920 844 constitutionem
938 779 1111 844 alliciunt.
1127 779 1181 844 Ad

77 905 132 950 nos
148 891 282 952 tantum
299 888 459 970 pertinet
476 888 520 952 de
538 892 719 971 potestate
743 888 927 975 Pontificio
940 891 977 952 et
991 887 1181 973 Episcopa-

76 994 98 1057 li
114 993 297 1077 disserere3
316 994 381 1059 sed
395 1013 476 1058 cum
490 995 641 1060 Romani
655 994 848 1059 Pontifices
862 993 1097 1058 Successores
1111 993 1184 1058 sint

77 1099 185 1164 Sancti
197 1101 306 1184 Petri,
326 1107 362 1166 et
386 1101 557 1185 Episcopi
575 1101 735 1166 vicissim
748 1099 984 1166 Successores
1013 1100 1182 1166 dicautur

78 1207 335 1290 Apostolorum,
352 1212 390 1271 ut
416 1213 516 1272 recte
549 1207 741 1272 definiatur
765 1210 902 1290 quante
919 1207 967 1271 sit
983 1209 1145 1289 potestas
1162 1225 1184 1271 a

77 1314 180 1380 Beato
198 1316 306 1381 Petro
324 1316 362 1380 in
377 1315 570 1380 Pontifices
587 1315 764 1379 Maximus
797 1315 965 1380 derivata
981 1317 1017 1378 et
1030 1312 1076 1377 ab
1089 1313 1183 1396 Apo·

75 1422 166 1486 stolis
184 1422 220 1487 in
247 1423 450 1506 Episcopos
474 1423 702 1504 transmissa,
732 1421 832 1504 prius
862 1419 1040 1503 agendum
1054 1419 1124 1485 erit
1140 1419 1184 1485 de

76 1529 280 1593 auctoritate
316 1528 497 1594 aChristo
523 1528 678 1593 Domino
708 1527 844 1592 collata
872 1533 946 1592 tum
970 1526 1183 1592 Beatissimo

75 1633 184 1718 Petro,
214 1639 288 1701 tum
315 1635 554 1701 sanctissimis
586 1635 658 1700 illis
691 1634 792 1718 viris,
826 1635 954 1716 quiin
985 1633 1185 1717 Collegium

77 1741 315 1824 Apostolieum
331 1743 492 1825 cooptati
509 1749 603 1808 sunt.

153 1853 226 1918 137.
276 1853 320 1918 In
337 1856 566 1918 antecessum
580 1849 889 1935 praemonendum
916 1865 996 1914 esse
1023 1847 1184 1913 ducimus

75 1963 281 2038 potestatem
298 1959 340 2024 B.
359 1959 466 2024 Petro
500 1977 521 2023 a
553 1959 640 2024 Jesu
674 1956 816 2023 Christo
852 1956 1022 2038 largitam
1052 1971 1184 2037 aequa·

75 2063 135 2130 lem
151 2085 222 2131 non
241 2068 355 2132 fuisse
369 2067 544 2148 potestati
570 2065 725 2130 caeteris
756 2063 940 2146 Apostolis
974 2075 1191 2127 concessaet.

75 2176 222 2253 potestas
241 2173 277 2238 S.
296 2173 396 2238 Petri
414 2174 482 2238 fuit
491 2175 613 2260 plenu,
629 2193 803 2258 suprema,
818 2170 1030 2250 icomediuta,
1046 2169 1185 2234 ordina·

74 2278 122 2342 ria
151 2287 251 2364 atque
273 2287 458 2364 perpetum
492 2284 655 2362 potestas
687 2283 808 2342 autem
838 2276 1094 2359 Apostolorum
1119 2273 1186 2337 fuit

75 2383 170 2449 etiam
187 2386 402 2468 immediata,
417 2384 481 2449 sed
497 2403 570 2449 non
582 2387 702 2470 plena,
721 2405 893 2470 suprema,
915 2383 1112 2462 ordinaria,
1131 2402 1185 2446 aa·

75 2509 127 2572 oue
136 2499 319 2576 perpetum
345 2492 523 2574 siquidem
537 2496 617 2556 erat
633 2493 800 2556 limitibus
814 2490 971 2554 obnoxia
1000 2506 1047 2553 cx
1078 2491 1184 2571 parte

75 2595 328 2681 Viae-gerentis
343 2597 488 2680 christu
505 2597 713 2681 dependens
733 2617 755 2660 a
771 2597 929 2661 Primate
957 2595 1018 2660 vel
1050 2593 1185 2658 Princi-

76 2719 113 2783 pe
127 2702 278 2788 Collegii
292 2705 506 2788 Apostolici3
527 2705 814 2772 eatroordiuaria
829 2721 893 2786 pro
908 2700 1095 2766 Ecclesiae
1108 2702 1185 2765 fun·

76 2808 221 2893 datione;
241 2816 277 2876 et
301 2813 502 2897 temporalis
528 2829 591 2877 seu
619 2811 828 2877 eorumdem
853 2811 951 2875 vitae
984 2807 1183 2888 vinculata,

75 2917 118 2980 uti
132 2935 176 2982 ex
194 2918 356 2984 dicendis
375 2919 509 2983 clarius
528 2919 678 3001 patebit.

153 3027 228 3090 138.
277 3024 312 3090 S.
331 3026 459 3090 Petrus
478 3025 672 3108 dupliciter
692 3025 853 3107 spectari
872 3027 991 3106 potest
1007 3021 1108 3086 velut
1124 3022 1183 3084 Pe·

75 3138 151 3214 trus,
169 3133 474 3217 idest,patraseu
508 3133 782 3196 fundamentum
809 3131 1009 3208 Ecclesiae,
1036 3132 1072 3193 et
1098 3132 1186 3193 tam·

76 3255 172 3318 quam
191 3239 387 3322 Apostolus
402 3257 465 3304 seu
483 3241 626 3322 legatus
661 3238 819 3318 divinus;
836 3242 874 3300 ut
900 3235 1095 3319 Apostolus
1126 3233 1186 3297 ha·

76 3343 143 3409 buit
156 3345 193 3411 B.
211 3347 342 3411 Petrus
359 3346 523 3410 eamdem
540 3345 799 3409 auctoritatem
817 3359 861 3406 ac
878 3343 1016 3406 caeteri
1032 3341 1184 3424 Aposto-

76 3447 105 3531 li,
122 3469 224 3534 quam
242 3456 371 3535 postea
388 3452 612 3532 definiemus3
629 3453 666 3514 ut
678 3453 804 3515 Petrus
818 3448 879 3512 vel
889 3455 1007 3532 petra,
1023 3446 1185 3528 ejusdem

76 3562 227 3636 potestas
239 3562 308 3624 est:
328 3559 374 3624 1.⁰
386 3561 494 3644 plana
512 3561 548 3623 iu
562 3558 756 3623 ostensione
775 3561 883 3638 atque
898 3555 1023 3640 objecto
1041 3553 1185 3616 ratione

77 3665 256 3732 vicariatus
269 3667 329 3731 vel
346 3666 546 3730 altissimae
557 3663 884 3752 perscutfiooto'ouis,
903 3661 999 3744 quia,
1022 3676 1103 3723 cum
1128 3657 1186 3722 Vi·

77 3775 184 3840 carius
202 3775 335 3842 Christi
349 3780 385 3840 et
398 3773 515 3857 Caput
544 3773 731 3837 Ecclesiae
760 3770 912 3836 Visibile
943 3774 1050 3848 esset,
1083 3784 1186 3830 suam

77 3884 321 3947 auctoritatem
338 3882 375 3946 in
391 3882 624 3946 universalem
638 3879 838 3944 Ecclesiam
858 3893 1043 3955 exercere,
1058 3895 1186 3940 omues·

78 4007 131 4068 que
143 4007 199 4054 res
217 4006 452 4070 cognoscere,
469 3988 636 4070 judicare
652 3993 689 4051 et
706 3986 856 4050 definire
875 3983 1044 4060 debebam
1063 3979 1115 4046 2⁰
1131 4003 1187 4046 au·

74 4113 184 4174 prema
197 4097 493 4182 iujurisdicttoue
510 4096 652 4159 ratione
670 4094 860 4178 primatus,
892 4090 978 4173 quia
996 4107 1017 4152 a
1046 4087 1187 4152 Christo

78 4197 218 4271 Domino
235 4203 453 4268 constitutus
467 4206 521 4266 est
539 4202 712 4282 Princeps
726 4197 995 4282 Apostolorum,
1011 4193 1184 4276 claviger

81 4302 185 4390 Regni
213 4309 397 4374 coelorum
432 4327 494 4372 seu
525 4308 712 4373 Ecclesiae
737 4304 959 4385 Catholicae,
994 4301 1188 4384 Supremas
