3024 4994
751 439 929 500 -254-

275 583 442 670 formala·
458 587 495 648 et
512 583 691 666 quamvis,
711 589 819 668 prout
836 602 882 648 ex
898 583 1059 650 Historia
1075 589 1111 649 et
1137 585 1403 652 Ecclesiastica

279 691 481 774 Disciplina
499 691 635 775 liquido
654 695 768 776 patet,
798 693 931 776 singuli
964 693 1155 757 memorati
1184 699 1297 774 actua,
1331 713 1401 777 pro

280 797 435 863 diversis
454 804 669 882 temporum,
689 799 851 866 locorum
868 805 904 863 et
922 815 1041 864 rerum
1059 799 1252 881 adjunctis,
1280 800 1402 866 diver·
1504 791 1505 832 ³

279 905 417 971 simodo
435 912 509 972 tum
527 907 563 971 in
583 903 745 988 Oriente,
764 913 838 972 tum
855 906 893 972 in
912 904 1108 972 Occidente
1136 905 1261 970 usitati
1289 909 1403 990 atque

280 1011 433 1078 exerciti
450 1013 597 1094 luerint;
618 1017 778 1078 attamen
797 1011 894 1096 apud
912 1031 1035 1078 omnes
1049 1017 1233 1095 tamquam
1260 1013 1403 1078 veritas

280 1119 484 1186 firmissima
501 1125 538 1186 et
554 1121 806 1186 inconcussum
840 1118 1057 1202 principium
1090 1124 1259 1184 constare
1291 1118 1404 1184 debet

281 1229 315 1292 ln
332 1231 514 1310 postremo
533 1233 628 1310 actu,
650 1227 718 1292 hoc
739 1232 807 1310 eat,
827 1229 864 1292 in
880 1229 1134 1313 confirmatione
1167 1226 1324 1291 inveniri
1346 1245 1403 1290 ra·
1505 1235 1506 1290 l

281 1335 415 1400 tionem
432 1335 634 1418 formalem,
669 1340 811 1418 partem
843 1333 1086 1416 essentialem,
1122 1333 1401 1398 constitutivum

281 1443 539 1524 necessarium,
557 1447 595 1506 ut
612 1443 663 1506 ita
679 1441 810 1523 dicam,
830 1441 944 1505 omnis
963 1439 1165 1523 electionis,
1185 1441 1270 1523 quia
1287 1440 1325 1504 in
1361 1459 1406 1506 ea

282 1547 685 1630 conserturJurisdictio
703 1565 768 1630 per
793 1547 988 1613 catusionem
1022 1563 1085 1611 seu
1118 1547 1406 1628 assignationem

282 1656 520 1722 subditorum.
743 1647 758 1676 ⁰

373 1763 447 1828 157.
496 1761 693 1827 Praeilnita
710 1779 886 1844 germana
904 1759 1094 1825 electionis
1123 1759 1323 1824 canonicae
1342 1779 1405 1826 no·
1506 1755 1507 1798 l

282 1871 380 1937 tione
398 1870 510 1935 veluti
524 1868 759 1934 dicendorum
776 1867 1026 1951 praeambulo,
1045 1868 1254 1934 adsensum
1277 1873 1404 1934 exten·

282 1978 492 2060 sionemque
511 1976 621 2042 thesis
638 1977 848 2060 propositae
866 1977 934 2040 rite
950 1975 1227 2056 enucleandam,
1242 1978 1312 2039 tria
1328 1977 1404 2041 ani·

282 2084 685 2167 madvertereoportet:
722 2083 772 2148 1.⁰
799 2101 876 2162 nos,
912 2100 992 2147 curu
1021 2083 1199 2148 electivum
1227 2101 1404 2148 vocamus

280 2195 500 2274 potestatem
531 2190 812 2272 Jurisdictionis,
833 2190 931 2272 loqui
959 2189 1003 2253 de
1032 2190 1295 2272 complemento
1332 2191 1404 2256 ele·
1507 2239 1508 2278 ,

282 2297 410 2363 ctionis
422 2299 457 2362 in
471 2299 684 2381 acceptione
694 2298 839 2384 formali
852 2301 1030 2379 sumptae;
1044 2297 1096 2362 2.⁰
1108 2296 1240 2362 inJure
1254 2297 1404 2364 Publice

283 2405 540 2470 Ecclesiastico
573 2405 677 2471 nobis
708 2409 847 2468 tantum
875 2403 1084 2468 incumbere
1116 2421 1242 2468 munus
1260 2408 1296 2468 et
1327 2405 1404 2470 ofli-

284 2511 378 2576 cium
395 2511 666 2576 demonstrandi
685 2515 902 2595 potestatem
921 2511 1137 2598 Pontificiam
1156 2515 1192 2575 et
1213 2511 1406 2598 Episcopa-

283 2620 349 2684 lem
363 2617 504 2701 adquiri
522 2637 586 2702 per
604 2621 801 2684 missionem
819 2619 1004 2682 obtentam
1021 2617 1082 2682 vel
1096 2618 1266 2682 collatam
1292 2635 1313 2682 a
1321 2641 1405 2704 per·
1508 2699 1509 2702 Ἴ

284 2727 378 2792 acaia
396 2727 454 2791 vel
465 2748 619 2812 persona
643 2727 725 2810 jure
758 2726 934 2809 praeditis
963 2726 1160 2792 exercendi
1193 2731 1266 2791 tres
1299 2733 1405 2792 actus
1508 2705 1509 2744 Τ

286 2839 439 2897 cunctae
456 2835 644 2898 electionis
663 2834 841 2916 proprios,
862 2837 924 2896 aut
953 2833 1082 2898 saltem
1115 2835 1339 2916 postremum
1371 2837 1406 2899 et

285 2941 475 3022 potiorem,
495 2941 607 3022 quiin
627 2959 690 3004 suo
708 2961 778 3006 eoae
792 2939 978 3004 constituit
996 2940 1141 3024 vimque
1174 2940 1403 3024 canonicam,

287 3047 434 3113 cuilibet
452 3049 620 3112 electioni
639 3047 775 3128 tribuit;
795 3045 848 3112 3.⁰
865 3047 967 3112 nobis
982 3047 1171 3112 dumtaxat
1197 3051 1406 3130 competere

287 3171 352 3238 pro
373 3171 483 3237 scopo
501 3153 522 3218 J
526 3155 598 3218 uris
617 3154 756 3219 Publici
774 3154 986 3238 attingendo
999 3159 1184 3237 postrema
1196 3154 1333 3219 allatae
1347 3155 1405 3220 de·

287 3262 459 3328 linitionis
477 3263 591 3327 verba
609 3265 822 3348 cooperiora
840 3267 1041 3351 confirmata
1059 3263 1241 3346 evincere,
1257 3267 1405 3328 caetera

288 3370 453 3434 doctrina
473 3370 608 3452 capita,
629 3387 723 3453 quae
740 3370 838 3434 circa
859 3371 1084 3435 conditiones
1102 3375 1139 3435 et
1156 3371 1405 3436 solemnitates

286 3478 324 3541 in
342 3477 519 3541 canonica
539 3476 718 3540 electione
735 3476 938 3541 servandas
963 3481 1169 3560 versantur,
1188 3477 1405 3542 Professori·

287 3584 353 3649 bus
370 3583 391 3648 J
396 3584 468 3649 uris
486 3582 626 3648 Privati
656 3583 706 3647 uti
725 3583 951 3666 provinciam
985 3583 1191 3648 eorumdem
1221 3584 1407 3666 propriam

287 3690 584 3774 derelinquendo.

379 3799 452 3864 158.
499 3797 684 3880 Inprimis
703 3797 1048 3880 enim‚Potestatem
1075 3797 1343 3864 iurisdictionis
1370 3798 1407 3863 in

291 3905 456 3969 Ecclesia
474 3903 698 3970 solummodo
718 3905 911 3970 electivam
929 3923 1009 3970 esse
1026 3905 1233 3989 plenissime
1251 3905 1406 3971 ostendi-

290 4017 347 4076 tur
361 4011 670 4077 demonstratione
687 4035 707 4078 α
715 4013 846 4097 priori,
873 4013 909 4077 id
936 4019 1004 4094 est,
1039 4012 1271 4077 validissimis
1302 4031 1405 4096 argu·

289 4119 418 4182 mentis
436 4137 482 4182 ex
499 4119 641 4182 ratione
656 4118 868 4202 desumptis.
887 4119 931 4183 Et
948 4137 989 4184 re
1006 4119 1149 4203 quidem
1166 4137 1269 4203 vera,
1288 4120 1318 4184 si
1345 4119 1404 4184 ad·

290 4225 433 4309 quisitio
451 4227 510 4292 vel
528 4227 753 4292 transmissio
771 4229 963 4311 potestatis
980 4245 1051 4293 uon
1068 4229 1171 4292 lieret
1184 4231 1246 4292 aut
1258 4227 1404 4292 habero·

291 4340 347 4402 tur
364 4351 430 4418 per
463 4334 677 4399 electionem
707 4335 742 4398 in
777 4353 885 4400 seusu
910 4335 1054 4420 ferrreoli
1086 4351 1197 4417 supra
1228 4335 1403 4418 exposito,
