3024 4994
798 395 916 475 -aas
939 428 975 440 -

328 543 458 609 Pastor
476 541 597 606 ovium
617 547 652 605 et
678 557 867 622 agnorum,
897 539 1168 604 fundamentum
1196 539 1441 604 ecclesiasticae

328 649 591 735 aedificationis,
610 651 775 714 centrum
805 645 1065 712 communionis
1095 648 1131 710 et
1163 645 1391 711 auctoritatis
1407 647 1441 709 in

328 757 504 822 societate
519 773 541 819 a
557 754 691 821 Divino
720 753 913 819 Salvatore
930 753 1107 836 instituta;
1125 754 1178 817 3.⁰
1194 753 1377 819 ordinaria
1407 753 1441 816 ia

328 865 492 929 exercitio
509 866 582 926 tum
601 861 742 926 ratione
769 861 995 945 apostolatus,
1021 867 1096 925 tum
1122 860 1264 924 ratione
1281 861 1440 938 maneria

328 971 469 1034 ratione
493 970 720 1054 apostolatus,
751 968 883 1032 etenim
901 967 1028 1032 Petrus
1044 967 1251 1032 missionem
1264 967 1441 1032 immedia-

328 1081 401 1141 tam
421 1080 530 1158 atque
549 1075 758 1158 primariam
792 1091 813 1137 a
847 1072 988 1138 Christo
1020 1074 1164 1156 accepit
1195 1073 1440 1156 organizandi,

329 1182 556 1268 propagandi
572 1186 608 1248 et
621 1179 866 1246 conservandi
884 1181 1083 1246 Ecclesiam
1098 1198 1211 1264 usquo
1226 1181 1272 1245 ad
1286 1198 1441 1246 consum-

330 1291 524 1356 arationem
542 1289 784 1369 saeculorum3
804 1289 944 1352 ratione
964 1291 1124 1372 maneria,
1156 1288 1441 1372 quandoquidem

328 1397 368 1462 B.
388 1396 494 1461 Petro
513 1396 713 1478 injunctum
731 1395 800 1460 luit
818 1396 975 1460 officium
993 1395 1230 1460 confirmandi
1247 1395 1379 1460 iratres
1409 1395 1443 1458 in

329 1505 410 1586 ilde,
430 1510 467 1568 et
483 1504 521 1568 in
534 1520 691 1586 persona
718 1503 871 1567 fratrum
897 1501 1059 1566 homines
1088 1503 1245 1567 omnium
1274 1508 1441 1582 aetatum,

330 1611 574 1675 conditionum
594 1613 630 1674 et
642 1610 815 1692 gentiunt,
831 1608 985 1691 ideoque
1002 1610 1263 1692 praerogativa
1280 1611 1441 1696 infallibi—

328 1719 442 1784 litutis
455 1717 619 1800 insigniri
635 1716 758 1782 debuit
771 1723 954 1800 tamquam
969 1716 1189 1781 charismate
1222 1718 1362 1783 muneri
1393 1735 1442 1781 or-

331 1823 470 1890 dinario
489 1825 645 1905 adnexo,
662 1829 700 1888 ut
712 1825 764 1888 ita
776 1841 847 1888 uon
863 1823 967 1890 modo
983 1829 1079 1888 esset
1098 1821 1207 1909 Oopat
1227 1823 1367 1890 Visibila
1384 1823 1440 1888 Ec-

331 1931 478 2013 clesiae,
500 1933 638 1996 Primos
654 1929 801 1995 honoris
826 1934 862 1994 et
891 1929 1165 2012 jurisdictionis,
1182 1948 1308 1996 verum
1340 1933 1443 1996 etiam

330 2041 497 2127 ddaqiater
510 2040 594 2104 lldei
611 2045 647 2104 et
663 2039 794 2104 Ductor
808 2037 1076 2116 irrefragabilis
1093 2038 1271 2120 veritatis;
1296 2039 1351 2102 4.⁰
1370 2059 1444 2123 per·

325 2154 433 2232 petua
449 2149 484 2212 ia
502 2147 685 2212 duratione
703 2145 843 2209 ratione
857 2145 1098 2226 institutionis,
1118 2162 1160 2209 eo
1173 2144 1252 2226 ipso
1277 2145 1373 2228 qudd
1403 2146 1444 2207 sit

330 2258 493 2337 potestas
511 2252 709 2326 ordinaria3
727 2254 863 2315 statuta
876 2251 970 2314 euim
987 2254 1170 2332 potestate
1200 2269 1371 2333 suprema
1387 2251 1441 2315 Pe·

330 2361 377 2426 tri
390 2361 436 2424 ad
456 2362 644 2442 unitatem,
665 2359 827 2441 regimen
843 2363 879 2422 ot
903 2357 1091 2423 Ecclesiae
1119 2359 1441 2438 conservationem,

329 2466 456 2531 Petrus
470 2468 610 2546 vivere,
631 2470 667 2530 et
684 2467 762 2546 ejus
776 2465 976 2530 auctoritas
990 2463 1191 2547 perdurare
1208 2465 1316 2530 debet
1326 2464 1363 2529 in
1376 2465 1443 2528 suis

330 2572 618 2656 successoribus,
634 2572 749 2638 donec
767 2571 932 2636 Ecclesia
950 2573 1104 2636 militans
1135 2572 1172 2635 in
1189 2571 1260 2636 fine
1289 2572 1441 2637 saeculo·

330 2697 408 2744 rum
426 2699 505 2746 cum
520 2680 684 2746 Ecclesia
703 2679 932 2764 triumphanti
949 2683 1098 2743 aeterno
1130 2679 1277 2744 vinculo
1306 2679 1442 2762 copule·

330 2791 400 2850 tur.

421 2895 496 2959 isc.
545 2893 774 2958 Auctoritate
791 2893 826 2958 S.
856 2893 953 2958 Petri
970 2892 1083 2957 semel
1101 2890 1299 2956 constituta
1333 2910 1376 2956 ao
1391 2891 1442 2955 de·

333 3001 539 3082 terminata,
559 3000 746 3081 quaeritur
763 3017 858 3064 nunc
876 3005 1014 3081 quanta
1043 2997 1089 3062 ad
1123 2997 1359 3063 Successores
1373 3015 1442 3081 per·

333 3113 507 3170 transeat:
542 3107 613 3170 tria
646 3105 703 3170 hic
737 3105 953 3188 inquirenda
995 3112 1262 3189 proponuntur,
1308 3122 1441 3188 nempe,

333 3213 517 3296 quantitas
545 3212 774 3277 auctoritatis
805 3213 845 3278 B.
877 3213 975 3277 Petri
1018 3211 1188 3278 Romanis
1218 3213 1443 3277 Pontificibus

333 3319 579 3397 transmissae,
595 3321 794 3384 necessitas
813 3320 1097 3384 transmissionis
1115 3320 1266 3402 hujusce
1294 3323 1442 3403 potesta-

330 3427 388 3510 tis,
408 3433 516 3510 atque
529 3426 783 3490 determinatio
802 3427 1042 3492 successionis
1060 3444 1123 3492 seu
1141 3425 1344 3510 designatio
1374 3443 1442 3510 pcr-

331 3553 442 3600 sonaa
456 3535 513 3599 oui
530 3533 756 3598 transmissio
774 3534 853 3598 lieri
870 3533 989 3599 debet.

421 3638 549 3721 Quoad
579 3642 745 3722 primum,
764 3641 916 3722 scilicet,
949 3641 1190 3723 quantitatem
1208 3639 1441 3716 auctoritatis,

333 3746 466 3812 Summi
483 3749 675 3812 Pontifices
693 3747 731 3811 B.
751 3747 858 3812 Petro
889 3749 924 3812 in
957 3749 1071 3812 tribus
1089 3749 1302 3831 succedunt,
1321 3749 1357 3814 in
1375 3748 1442 3812 Pri·

334 3863 439 3934 aratu,
454 3853 660 3940 Apostolata
678 3861 714 3918 et
737 3855 1009 3941 infallibilitate:
1026 3855 1109 3921 hinc
1127 3857 1291 3939 exsurgit
1321 3855 1442 3938 triplex

333 3967 494 4042 potestas
519 3961 579 4026 vel
612 3963 681 4024 tria
709 3963 793 4042 jura
822 3962 1123 4045 fundamentalia,
1158 3981 1252 4046 quae
1286 3962 1441 4048 equidem

335 4069 566 4133 considerare
595 4088 784 4152 possumus
813 4076 996 4154 tamquam
1010 4072 1147 4136 fontem
1162 4077 1198 4136 et
1210 4072 1384 4154 originem
1412 4086 1440 4130 o·

335 4173 469 4237 mnium
482 4174 616 4254 jurium
630 4175 903 4257 particularium
918 4176 1151 4243 Pontificibus
1164 4177 1340 4246 Maximis,
1358 4192 1441 4241 com·

337 4280 546 4362 petentium,
562 4281 742 4346 nimirum:
761 4282 926 4347 Potestas
943 4285 1164 4350 Primotiolis
1177 4285 1237 4349 vel
1249 4284 1315 4350 Jcs
1327 4282 1441 4368 Sapra·
