3120 4988
557 431 712 488 -17-

91 573 231 638 servitus
248 573 408 638 obnoxia
425 592 488 640 seu
507 575 655 658 proprie
672 574 783 656 dicta;
801 578 826 655 ο)
844 577 1013 658 honestus,
1033 578 1118 660 quia
1135 579 1210 645 ubi

90 678 177 744 deest
203 680 475 762 honestas,nec
499 687 639 747 estnec
668 683 811 765 concipi
841 688 962 767 potest
989 685 1198 766 conjunctio

90 787 234 870 moralis,
253 789 319 855 sed
347 790 541 856 associatio
561 791 698 872 iniqua,
718 808 765 856 ex
782 809 856 874 qua
872 790 1056 857 vinculum
1071 792 1197 874 juridi-

90 914 158 962 cum
171 898 294 962 enasci
312 899 450 981 nequit.

164 1001 215 1068 49
260 1004 469 1087 Requiritur
483 1004 639 1088 denique
656 1005 785 1087 Medio,
800 1003 989 1088 siquidem,
1006 1003 1061 1074 his
1079 1005 1197 1068 subla-

91 1109 137 1190 tis,
154 1112 358 1176 necessario
377 1112 448 1176 ruit
462 1119 572 1194 atque
586 1111 765 1177 evertitur
779 1111 997 1176 simultanea
1011 1111 1199 1176 tendentia

90 1219 119 1278 ct
146 1222 265 1282 mutua
284 1218 508 1301 conspiratio
528 1217 711 1299 adfinem,
730 1219 767 1282 in
785 1236 856 1301 qua
873 1217 945 1282 sita
962 1224 1017 1283 est
1050 1221 1197 1301 conjun-

90 1322 150 1386 ctio
165 1325 311 1390 moralis
327 1342 392 1390 seu
410 1324 597 1390 vinculum
615 1321 887 1400 adsociationis;
907 1328 993 1390 tunc
1010 1325 1105 1390 enim
1119 1327 1197 1407 jam

90 1431 167 1494 socii
193 1431 239 1495 ad
255 1432 356 1496 illum
374 1432 521 1497 minime
538 1431 744 1514 tenderent,
765 1450 807 1497 eo
826 1433 921 1515 qubd
938 1432 999 1497 vel
1024 1433 1099 1514 jam
1118 1450 1197 1516 pos-

90 1537 246 1623 siderent,
265 1540 327 1604 vel
344 1541 517 1624 consequi
535 1541 740 1624 nequirent.
772 1538 925 1624 Oportet
946 1557 1090 1625 quoque
1107 1540 1199 1606 haee

90 1645 195 1710 media
210 1664 289 1712 esse
307 1648 428 1730 aliquo
446 1647 550 1712 modo
567 1648 784 1730 communia,
803 1648 973 1731 quoniam
987 1648 1081 1713 ratio
1099 1648 1197 1712 unio-

90 1753 136 1816 nis
165 1754 256 1819 inter
283 1756 402 1820 socios
432 1760 509 1821 tota
538 1755 704 1820 consistit
732 1755 768 1820 in
796 1757 985 1838 reciproco
1008 1756 1197 1838 juvamine

91 1863 187 1942 atque
202 1862 335 1926 auxilio
355 1880 401 1928 ex
419 1863 500 1944 conj
507 1862 676 1927 un‘otione
693 1862 891 1944 sequend03
909 1862 939 1927 si
957 1862 1067 1946 igitur
1084 1864 1198 1928 socie·

91 1969 139 2029 tas
155 1968 266 2034 media
284 1971 489 2035 communia
503 1970 548 2035 ab
567 1971 731 2035 omnibus
756 1971 830 2036 suis
848 1972 1017 2036 membris
1035 1971 1198 2036 indiscri-

91 2074 236 2142 minatim
265 2077 472 2143 adhibenda
489 2097 561 2144 non
581 2082 817 2162 proponeret,
837 2079 1046 2144 immediate
1075 2097 1197 2144 conse-

91 2189 245 2261 queretur
258 2186 319 2250 vel
336 2187 473 2252 nullam
490 2204 570 2251 esse
585 2188 767 2269 unionem,
786 2186 847 2250 vel
862 2205 942 2252 esse
955 2187 1195 2262 inefficacem,

91 2289 120 2352 id
144 2299 204 2374 est,
223 2311 325 2357 mera
352 2293 613 2358 benevolentia
640 2293 816 2358 innixam:
833 2294 911 2376 J'am
928 2311 1017 2360 vero
1035 2311 1196 2377 comper-

91 2403 153 2462 tum
168 2404 220 2464 est
243 2403 284 2468 in¹
298 2401 533 2466 societatibus
552 2401 700 2485 proprie
726 2401 831 2466 dictis
856 2419 919 2466 seu
935 2401 1102 2483 juridicis
1119 2403 1197 2466 vin-

92 2503 195 2572 culum
206 2509 298 2589 Juris
314 2527 361 2574 ex
376 2509 508 2576 unione
526 2509 669 2574 efficaci
687 2508 911 2574 solummodo
931 2508 1017 2572 oriri
1032 2525 1151 2591 posse.

167 2614 217 2679 18.
264 2616 365 2681 Finis
392 2625 624 2699 nuncupatur
656 2619 693 2680 et
720 2633 852 2699 reapse
877 2619 932 2680 est
961 2615 1197 2698 praecipuum
1292 2689 1295 2698 ¹

92 2720 258 2787 societatis
276 2723 507 2805 elementum,
523 2725 609 2808 quia
626 2727 776 2789 caetera
794 2723 840 2788 ad
853 2724 955 2788 illum
969 2722 1196 2805 ordinantur,

93 2825 183 2908 eique
198 2831 373 2915 serviunt,
401 2831 665 2915 quodquidam
690 2831 882 2914 multiplici
911 2829 1055 2894 ratione
1079 2835 1196 2894 osten·

92 2929 187 2999 ditur.
737 2943 740 2948 '

169 3043 215 3108 l.⁰
260 3045 361 3112 Finis
374 3047 553 3113 rationem
572 3047 790 3113 existentiae
805 3046 998 3130 cujuslibet
1012 3045 1198 3112 societatis

94 3151 247 3234 continet,
267 3153 414 3235 etenim,
430 3157 469 3218 ut
486 3172 602 3237 nuper
619 3154 813 3236 innuimus,
829 3153 909 3218 linis
927 3158 983 3218 est
1000 3151 1090 3218 illud
1104 3152 1199 3236 quod

94 3255 247 3326 unitatem
266 3260 485 3325 multitudini
503 3260 686 3325 hominum
699 3260 836 3344 tribuit,
851 3260 950 3344 ipsos
964 3260 1111 3326 vinculo
1127 3277 1195 3325 mo·

93 3361 151 3426 rali
167 3367 426 3450 conjungendo.

167 3471 215 3536 2⁰
259 3473 380 3540 Media
399 3475 520 3540 omnia
537 3475 643 3540 atine
662 3474 833 3558 pendent,
850 3477 907 3540 cui
920 3474 1199 3560 proportionata

95 3588 160 3640 esse
176 3577 317 3664 debent,
337 3581 428 3645 etin
447 3599 517 3664 quo
535 3582 684 3647 fulcitur
708 3582 814 3664 ratio,
835 3585 980 3664 natura,
1000 3579 1197 3664 applicatio

95 3685 123 3743 at
136 3688 289 3754 extensio
305 3687 526 3753 eorumdem.

166 3793 215 3858 39
259 3796 361 3861 Finis
372 3797 598 3880 adaequatus
613 3795 1094 3878 uniuscujusquesooietatis
1107 3795 1198 3878 ejus·

95 3895 160 3963 dem
183 3907 363 3986 naturam,
394 3905 592 3971 essentiam
618 3923 682 3970 seu
709 3905 998 3992 specificationem
1030 3905 1129 3970 clare
1162 3907 1199 3968 et

95 4003 242 4077 distincte
265 4012 404 4094 definit,
424 4011 718 4096 quandoquidem
736 4011 992 4078 determinatio
1018 4011 1198 4078 essentiae

94 4113 226 4202 aliquus
249 4121 304 4186 rei
331 4122 372 4186 iit
387 4120 603 4204 inquirendo
624 4125 660 4187 et
688 4121 805 4186 eidem
836 4119 1056 4204 assignando
1073 4125 1197 4185 notam

93 4221 232 4308 aliquam
260 4229 496 4294 intrinsecam
527 4231 637 4312 atque
661 4228 936 4309 immutabilem,
967 4245 1061 4310 quae
1089 4227 1136 4292 sit
1165 4227 1198 4292 ei

93 4329 181 4397 unice
195 4335 358 4418 propria.
377 4334 480 4400 Nunc
497 4351 585 4400 vero
612 4339 698 4399 nota
717 4335 915 4399 intrinseca
944 4338 981 4399 et
997 4332 1197 4398 immutabi·

1129 4442 1144 4490 a
