3146 4980
750 409 928 468 ..452-

277 573 323 619 ac
335 553 551 619 moralitatIs
568 553 749 636 principia
777 558 940 618 statuere
959 553 1105 635 audeat,
1120 553 1312 637 unicuique
1341 571 1401 618 re-

275 662 442 743 linquens
457 677 617 724 errorem
648 660 708 726 vel
733 659 928 724 veritatem
955 660 1140 742 amplecti,
1171 661 1302 725 bonum
1334 660 1402 725 val

275 768 408 832 malum
426 767 562 847 tacere,
581 766 761 830 haeresim
779 767 839 830 rel
867 767 973 830 iidem
999 767 1174 849 profiteri,
1203 766 1403 833 habebitur

275 873 511 958 proculdubio
531 873 693 955 regimen
709 890 859 956 prorsus
877 873 1126 962 anarchicum.
1383 863 1386 868 ’

363 981 416 1044 3.⁰
465 979 649 1048 Contraria
666 984 721 1044 est
737 979 926 1043 doctrinae
939 979 1155 1061 catholicae;
1176 979 1397 1064 quandoqui-

274 1087 355 1152 dem
373 1087 530 1151 formula
547 1085 776 1150 Liberalismi
809 1087 1191 1154 moderati—Ecclesia
1222 1091 1331 1154 libera
1359 1092 1401 1154 in

274 1195 375 1260 Statu
392 1195 499 1260 libero
514 1229 532 1238 -
547 1211 618 1276 qua
635 1193 836 1259 adstruitur
868 1202 992 1258 mutua
1009 1193 1198 1260 Ecclesiae
1216 1213 1260 1260 ac
1273 1194 1400 1260 Status

275 1300 570 1382 independentia,
585 1301 758 1365 damnata
771 1299 873 1364 estin
888 1301 1135 1382 propositione
1163 1299 1225 1365 LV
1242 1301 1399 1382 Syllabi:

274 1407 432 1472 Ecclesia
449 1429 470 1473 a
487 1407 606 1473 Statua
634 1407 817 1491 Statnsqne
834 1409 876 1472 ab
904 1407 1063 1472 Ecclesia
1090 1409 1318 1494 aejnnpendna
1333 1416 1400 1489 eat,

275 1516 443 1597 quamvis
457 1515 595 1596 jamdiu
613 1533 634 1578 a
652 1513 839 1578 Bonitaolo
866 1513 952 1578 VIII
978 1515 1204 1596 proscriptus
1222 1517 1340 1579 iuerat
1358 1515 1397 1580 in

274 1622 515 1686 celeberrima
531 1620 796 1686 Constitutione
832 1621 942 1686 Unam
972 1621 1136 1687 Sanctam
1152 1639 1255 1688 error
1272 1640 1400 1686 eorum

273 1728 334 1810 qui
348 1727 617 1791 contendebant
632 1727 749 1808 Reges
765 1731 802 1790 et
818 1728 985 1791 nationes
1013 1725 1203 1792 Ecclesiae
1219 1728 1399 1792 Romano-

274 1851 344 1916 que
358 1833 522 1896 Pontiiici
539 1851 610 1896 non
627 1832 769 1913 subjici:
785 1832 926 1898 Sabaeae
941 1835 1096 1900 Romano
1112 1835 1280 1922 Pontifici,
1298 1851 1399 1898 asse-

274 1940 380 2004 rebat
413 1939 589 2002 adversus
619 1939 822 2021 Philippum
855 1939 904 2002 IV
937 1949 1177 2022 cognomento
1210 1941 1400 2006 Pulchram

275 2045 536 2128 praelaudatus
550 2051 587 2108 et
602 2049 771 2108 strenuus
790 2045 901 2128 Papa,
921 2049 1013 2110 omni
1031 2054 1211 2111 creaturan
1227 2047 1403 2111 hnmanae

274 2153 505 2227 declaramus,
525 2152 682 2231 dicimus,
712 2151 892 2238 definimus
909 2159 940 2217 et
961 2154 1242 2235 pronuntiamus,
1260 2153 1403 2217 omuino

275 2279 346 2324 aare
359 2259 400 2322 de
413 2259 612 2322 necessitate
628 2257 765 2322 salatia.
781 2257 894 2322 Juxta
906 2258 997 2322 haec
1010 2259 1197 2323 luculenta
1209 2259 1334 2338 verba,
1354 2259 1402 2322 de

275 2369 476 2431 necessitate
503 2367 628 2430 salatia
661 2371 711 2429 cat
741 2363 906 2428 Summos
943 2365 1183 2447 Imperantes,
1217 2373 1400 2448 quatenus

274 2472 523 2536 Moderatores
551 2475 635 2534 sunt
665 2471 852 2535 societatis
883 2471 1015 2552 civilis,
1044 2471 1206 2536 Romano
1231 2471 1399 2536 Pontifici

274 2577 391 2658 subdi,
407 2577 571 2659 adeoque
593 2577 749 2660 juridica
765 2583 802 2641 et
832 2577 1000 2642 absoluta
1017 2577 1301 2659 independentia
1316 2577 1396 2643 Sta·

274 2689 333 2750 tus
350 2685 395 2748 ab
413 2683 591 2766 Ecclesia,
611 2701 719 2767 qnam
736 2686 882 2748 tuentur
909 2682 1097 2748 Liberales
1114 2683 1305 2767 moderati,
1323 2703 1400 2750 me-

274 2791 344 2856 rito
362 2789 563 2871 rejicienda
581 2796 648 2854 est.

363 2897 543 2962 Probatur
559 2896 612 2960 a*
628 2915 726 2980 pars:
741 2897 1012 2982 Iadepeadentia
1025 2909 1207 2962 Platonica
1220 2919 1242 2963 a
1255 2897 1401 2964 Libera·

273 3005 374 3071 tiemo
387 3017 601 3069 cinnameo
610 3005 828 3088 proclamata
843 3005 980 3070 omnino
993 3005 1185 3091 rejicienda
1197 3012 1256 3085 eat,
1271 3009 1404 3086 utpote

275 3111 573 3193 contradictoria,
592 3110 782 3176 Ecclesiae
798 3111 974 3191 injuriosa
992 3115 1102 3192 atqua
1118 3111 1303 3175 damnata.

365 3217 412 3283 l.⁰
431 3217 709 3284 Contradictors'a
726 3222 793 3281 est:
818 3218 903 3300 quia
926 3218 1083 3304 jura‘dica
1114 3217 1316 3283 doctrinam
1335 3235 1397 3282 oa-
1421 3289 1424 3292 ,

275 3325 446 3390 tholicam
463 3324 687 3405 agnoscitne
705 3323 909 3403 confitetur,
919 3325 1076 3408 practice
1090 3341 1178 3388 varo
1192 3324 1400 3390 doctrinam

274 3431 466 3498 liberalem
500 3430 661 3495 admittit
692 3435 729 3494 et
757 3435 888 3510 tuetur;
923 3431 987 3494 sed
1019 3431 1185 3494 doctrina
1213 3431 1404 3496 catholica

275 3543 312 3603 et
344 3538 513 3602 doctrina
539 3537 714 3616 liberalis,
744 3535 852 3618 juxta
886 3537 1172 3601 declarationem
1204 3538 1399 3602 venerabi-

274 3645 318 3710 lis
347 3643 532 3708 Pontificis
560 3643 614 3708 Pii
645 3643 698 3708 IX
737 3644 774 3706 in
803 3645 1051 3725 propositione
1097 3643 1224 3709 ultima
1255 3643 1404 3726 Syllabi

273 3759 496 3832 contentam,
517 3750 623 3815 simul
639 3751 840 3815 consistere
863 3755 1060 3833 nequeunt;
1078 3751 1190 3834 igitur
1220 3751 1404 3834 ejusmodi

273 3855 570 3941 independentia,
589 3874 696 3940 quam
713 3857 805 3922 adeo
823 3863 1031 3941 propugnat
1044 3862 1081 3922 et
1093 3858 1237 3922 extollit
1249 3857 1403 3923 Libera·

273 3965 398 4030 lismus
415 3965 631 4046 catholicus,
647 3966 972 4030 contradictionem
986 3964 1151 4046 includit,
1165 3966 1272 4030 immo
1286 3966 1405 4033 etiam

273 4076 440 4152 apertam
469 4078 598 4136 contra
629 4071 732 4136 Sedis
746 4071 980 4155 Apostolicae
1005 4071 1260 4137 auctoritatem
1280 4073 1403 4138 rebel·

272 4175 418 4240 lionam.

364 4281 413 4348 Ut
445 4281 539 4348 haec
571 4284 810 4350 contradictio
843 4302 890 4350 ex
920 4285 1086 4368 practica
1111 4285 1406 4368 independentia
