3034 4990
797 405 976 466 -354..

327 553 389 616 aut
402 549 645 633 dependentia
658 549 848 616 otnomine
861 549 1081 633 presbyterii
1089 547 1440 633 (Presbyterianipu-

326 659 410 723 rint
426 657 602 722 haeretici
620 655 810 740 damnati).

415 764 465 830 2.⁰
510 763 711 830 Averitats
728 762 910 828 catholica
927 761 1114 843 recedunt,
1131 761 1192 845 qui
1205 761 1361 826 libenter
1381 760 1439 824 ad-

325 869 473 936 mittunt
489 869 760 934 distinctionem
788 885 833 933 ac
859 867 1154 949 superioritatem
1184 865 1438 951 Episcoporum

326 975 690 1061 supraPrsshyteros
716 975 799 1057 jnrs
816 973 940 1040 divino
973 973 1093 1057 quoad
1109 978 1329 1057 potestatem
1354 973 1439 1038 ordi·

219 1125 220 1128 ,
326 1083 395 1165 nis,
410 1081 547 1147 eisdem
562 1081 672 1147 etiam
688 1079 931 1147 concedentes
951 1079 1242 1162 jurisdictionem
1261 1081 1438 1163 propriam

327 1205 371 1254 ao
388 1187 642 1271 principalem,
661 1187 726 1252 sed
745 1191 878 1252 tamem
894 1187 1122 1269 presbyterio
1149 1187 1208 1268 Jus
1238 1186 1441 1268 adJudicant

326 1293 572 1378 participandi
596 1293 837 1358 deliberative
861 1293 1029 1376 regimini
1058 1293 1250 1374 dioecesis,
1284 1293 1352 1358 hoc
1376 1299 1438 1373 est,

327 1417 409 1468 cum
421 1405 508 1466 voto
525 1417 614 1466 vere
631 1399 809 1481 decisivo,
826 1417 898 1464 non
911 1415 1012 1464 mere
1023 1399 1268 1464 consultativo
1283 1399 1440 1482 (Presby-

325 1507 459 1572 teriani
473 1506 642 1589 mitigati,
664 1505 1003 1570 condemnationem
1018 1505 1271 1571 Tridentinam
1286 1506 1439 1588 effugere

327 1612 521 1696 volentes).

415 1721 469 1784 3.⁰
515 1719 547 1784 A
563 1719 722 1784 veritate
745 1718 927 1784 catholica
944 1719 1054 1784 etiam
1068 1718 1270 1801 discedunt,
1290 1721 1349 1802 qui
1365 1736 1439 1783 con-

326 1824 480 1890 tendunt
498 1824 628 1889 saltem
645 1824 798 1906 gradum
814 1824 1057 1908 parochorum
1085 1841 1166 1890 esse
1194 1825 1287 1906 juris
1321 1824 1437 1904 divini,

327 1949 372 1996 ac
387 1930 540 2015 proinde
557 1949 620 1996 eos
634 1931 854 1997 auctoritate
870 1930 1020 2014 propria
1037 1931 1074 1995 in
1097 1931 1172 1996 suis
1189 1931 1365 2013 paroeciis
1380 1947 1438 2012 po·

326 2038 399 2120 tiri,
419 2055 492 2102 non
504 2054 595 2102 vcro
607 2037 654 2102 ab
671 2036 863 2121 Episcopis
873 2037 955 2119 jure
969 2036 1152 2103 mediante
1181 2037 1362 2119 delegata,
1390 2053 1439 2099 as·

326 2148 490 2208 serentes
503 2144 664 2226 insuper,
699 2143 899 2228 Episcopos
932 2144 1189 2208 auctoritatem
1219 2148 1359 2208 tantum
1387 2163 1437 2207 ec·

327 2252 606 2318 troordinarr‘om
623 2252 661 2316 in
674 2251 854 2333 parochos
867 2249 1016 2332 habere,
1032 2250 1068 2314 id
1086 2254 1153 2331 est,
1186 2249 1374 2315 dumtaxat
1392 2249 1436 2312 in-

325 2357 512 2422 tervonire
528 2373 636 2439 posse
653 2356 700 2421 ad
717 2355 952 2437 corrigendos
971 2372 1144 2420 excessus
1176 2357 1238 2420 vel
1255 2354 1437 2440 sopiendos

327 2461 502 2545 deiectus,
520 2463 708 2546 siquando
722 2463 949 2546 negligentes
967 2464 1103 2528 fuerint
1119 2467 1183 2529 aut
1214 2469 1338 2529 rectos
1359 2461 1436 2527 limi·

325 2571 381 2632 tes
401 2567 744 2650 transgrederentur
755 2571 793 2634 in
806 2568 971 2634 obeundo
985 2587 1135 2634 munere
1152 2570 1334 2652 pastorali
1351 2568 1436 2652 (lan

326 2675 467 2740 seniani
498 2675 678 2758 parochos
709 2695 821 2759 supra
849 2674 1050 2758 Episcopos
1079 2677 1313 2759 extollentes,
1341 2673 1437 2740 sicuti

327 2785 438 2846 antea
454 2781 655 2866 Episcopos
672 2800 783 2866 supra
796 2780 996 2846 Romanum
1020 2782 1234 2848 Pontificem
1263 2783 1435 2848 cxaltaue-

326 2889 435 2972 rant).
1510 2973 1511 2976 Ἴ

338 3035 342 3044 .
415 2998 492 3062 219.
541 2997 1208 3083 Erroresaristomacho-episcopales
1235 3017 1299 3064 seu
1317 2999 1433 3063 aristo·

328 3103 467 3166 cratiae
482 3104 679 3184 superioris
695 3109 961 3187 nuncupantur,
976 3106 1038 3187 qui
1051 3104 1243 3188 Episcopis
1255 3105 1437 3189 participa·

326 3207 461 3270 tionem
479 3207 640 3272 tribuunt
656 3226 849 3290 supremae
865 3209 1041 3291 potestati
1073 3209 1278 3292 Ecclesiam
1308 3223 1437 3276 enume·
1509 3257 1510 3308 ,

326 3317 455 3377 rantur
472 3312 611 3395 pariter
627 3316 701 3376 tres
719 3331 875 3396 errores,
891 3331 1017 3379 omnes
1042 3314 1211 3398 equidem
1241 3309 1436 3398 gravissimi
1509 3311 1510 3391 i

327 3425 436 3500 atque
450 3417 706 3499 damnatisod,
723 3421 842 3500 prouti
857 3424 966 3486 antea
975 3419 1315 3504 animadvertimus,
1330 3434 1436 3504 quam·

327 3525 409 3586 dam
441 3523 734 3604 progressionem
761 3542 826 3590 seu
860 3527 1135 3609 proportionem
1167 3526 1436 3592 dsscendentem
1508 3557 1509 3594 r

326 3632 529 3692 servantes.

416 3731 466 3796 l.⁰
511 3731 622 3797 Error
639 3751 764 3798 eorum
780 3735 842 3817 qui
856 3735 1019 3802 divinam
1051 3739 1306 3806 institutionem
1331 3741 1367 3802 et
1391 3753 1436 3800 aa·

323 3837 533 3920 promultam
563 3837 744 3904 Primatus
776 3839 957 3906 Pontificii
987 3843 1210 3926 inficiantur,
1243 3845 1435 3910 asserentes
1507 3867 1508 3882 ,

327 3956 450 4006 ornnes
468 3941 667 4026 Episcopus
681 3945 764 4025 jure
781 3944 905 4011 divino
924 3965 1005 4014 osse
1022 3950 1212 4032 aequales,
1227 3950 1379 4033 ideoque
1392 3959 1435 4010 re·

327 4043 448 4123 gimen
464 4045 650 4112 Ecclesiae
668 4067 747 4115 esse
762 4067 860 4116 mere
879 4054 1174 4120 aristocratlcum
1209 4045 1435 4139 (schismatici
1506 4113 1507 4134 ,

328 4137 545 4234 Orientales,
559 4154 726 4239 Ruthsni,
743 4158 878 4240 aliique
897 4160 1128 4245 Principatus
1159 4181 1182 4228 a
1199 4162 1435 4228 communione

328 4251 430 4318 Sedis
447 4255 630 4323 Romanae
647 4259 873 4350 disgregati).

1499 4669 1505 4957 l
