3034 4990
545 438 661 496 -293
686 471 721 510 ·.·

179 581 248 648 182.
296 580 1200 665 Indiilercntismus,NaturalismusatqueLibera·

100 686 208 754 demus
223 674 381 755 habendi
413 696 497 755 sunt
514 688 752 774 proculdubio
782 687 896 755 veluti
923 687 1112 771 praecipui
1140 704 1200 752 no-

100 805 183 860 strae
196 797 327 861 aetatis
336 815 499 878 errores,
517 797 645 880 quibus
664 795 840 861 neoterici
854 795 971 860 fulciti
980 793 1202 860 contendunt

100 903 196 966 statui
208 902 308 969 civili
324 903 651 987 praescindendam
685 921 765 968 esse
796 919 817 966 a
848 901 1038 984 religione,
1072 902 1202 966 saltem

100 1011 365 1093 supernaturali,
383 1017 419 1076 et
436 1011 705 1094 legislationem
722 1009 961 1092 condendam,
977 1025 1202 1093 quacumque

99 1114 260 1200 religione
288 1118 509 1201 posthabita.
529 1117 584 1182 De
602 1118 853 1200 Liberalismo,
889 1120 1013 1200 utpote
1045 1117 1202 1182 omnium

99 1226 322 1301 systematum
339 1223 645 1306 perniciosissimo
676 1225 713 1287 et
744 1227 894 1308 propter
925 1224 1002 1304 ejus
1035 1226 1217 1310 naturam¹

99 1327 458 1413 politioo·roligiosam
472 1329 625 1412 speciali
643 1331 810 1394 examine
829 1333 865 1394 et
878 1328 1114 1394 contundenti
1142 1329 1205 1393 im-

99 1436 309 1515 pugnatione
342 1436 463 1520 digno,
498 1437 535 1500 in
569 1437 737 1520 sequenti
753 1436 873 1520 eapite
906 1453 1067 1519 agemus3
1100 1435 1205 1501 modo

98 1545 204 1606 autem
217 1541 565 1608 Indiflerentismum
583 1561 627 1608 ao
644 1543 928 1610 Naturalismum
945 1545 1084 1608 tantum
1098 1541 1203 1607 refel-

98 1646 162 1713 lere
176 1650 407 1716 intendimus.

175 1755 388 1839 Hujusmodi
407 1761 609 1842 systemata
625 1759 786 1842 spectari
801 1762 938 1842 queunt
965 1759 1136 1846 objectiva,
1159 1757 1206 1824 lo·

96 1863 159 1946 pice
176 1871 210 1928 et
218 1867 388 1952 juridice,
407 1871 515 1950 prout
531 1867 592 1933 vel
606 1867 643 1931 in
660 1867 789 1950 seipsis
809 1871 872 1931 aut
881 1867 989 1948 Juxta
1020 1867 1205 1950 propriam

98 1975 253 2037 naturam
268 1979 304 2037 et
321 1975 553 2039 essentialem
571 1975 879 2057 constitutionem,
899 1973 959 2039 vel
976 1973 1013 2038 in
1043 1974 1117 2038 suis
1146 1972 1204 2037 de-

98 2075 315 2145 ductionibus
333 2099 396 2146 seu
414 2082 665 2165 consectariis,
687 2099 781 2165 quae
799 2099 847 2146 ex
863 2081 1042 2164 principio
1060 2081 1206 2145 liberta·

97 2183 137 2248 tis
149 2188 392 2254 conscientiae
405 2189 622 2272 inferuntur,
642 2189 703 2254 vel
721 2188 862 2253 demum
880 2190 917 2252 in
934 2188 1060 2253 ordine
1078 2187 1206 2252 sociali

99 2295 129 2354 et
141 2295 257 2374 quoad
270 2297 443 2378 regimem
473 2297 675 2380 practicam
705 2296 921 2379 populorum
952 2295 1204 2378 inspiciantur:

95 2395 163 2475 jam
178 2417 266 2464 vero
286 2403 478 2467 ostendere
497 2402 729 2486 aggredimur
747 2403 838 2468 haec
869 2403 1067 2486 reprobata
1091 2405 1206 2485 systo-

100 2515 200 2588 mata,
219 2508 285 2572 sub
303 2526 531 2592 quocumque
560 2514 729 2592 respectu
745 2527 939 2593 perpensa,
958 2527 1038 2574 esse
1063 2508 1207 2574 omnino

98 2608 184 2676 falsa
199 2619 236 2679 et
252 2632 402 2697 prorsus
414 2616 628 2697 rejicienda.

181 2721 362 2807 Objectice.
398 2722 728 2789 ludilferentismus
763 2725 934 2810 pecoralis
966 2728 1001 2788 et
1033 2725 1208 2790 obsoletos

100 2821 252 2893 salsitate
267 2829 412 2894 laborat
425 2830 462 2895 in
476 2832 602 2896 ordine
617 2832 862 2917 philosophico,
880 2832 1062 2917 theolopico
1080 2847 1124 2895 ao
1140 2853 1208 2895 mo·

99 2933 174 2997 rati:
189 2935 226 3000 in
243 2936 369 3002 ordine
377 2937 627 3024 philosophico,
642 2941 726 3022 quia
740 2941 911 3022 supponit
943 2939 1209 3022 propositiones

100 3041 397 3108 contradictorias
431 3044 685 3110 indifferenter
712 3062 752 3109 se
785 3045 921 3110 habere
948 3045 1009 3110 vel
1037 3045 1210 3128 aequales

100 3159 173 3210 esse
189 3165 296 3230 posse
313 3154 388 3214 tum
402 3151 522 3233 quoad
551 3152 747 3217 veritatem
780 3169 845 3217 seu
869 3151 1042 3234 judicium
1072 3151 1209 3216 intelle·

100 3255 184 3337 otus,
198 3262 271 3321 tum
285 3258 405 3339 quoad
417 3258 534 3340 ipsam
547 3258 600 3323 rei
613 3259 809 3323 veritatem
822 3277 885 3324 seu
901 3259 1102 3341 entitatem,
1114 3257 1209 3341 quod

101 3361 258 3441 equidem
276 3365 465 3448 principiis
482 3365 609 3448 logicis
628 3372 664 3429 et
680 3365 895 3448 ontologiois
914 3369 1040 3448 aperte
1058 3368 1208 3447 pugnat3

100 3464 133 3530 in
146 3468 268 3538 ordine
286 3471 482 3557 theologico,
501 3473 632 3537 etenim
650 3473 821 3556 supponit
852 3472 969 3537 Deum
1001 3471 1209 3536 indifferen-

101 3575 167 3640 tem
180 3594 258 3642 esse
277 3579 325 3643 ad
336 3581 531 3644 veritatem
548 3585 584 3644 et
598 3597 770 3662 errorem,
784 3581 852 3644 hoo
866 3584 934 3662 est,
949 3578 1094 3662 aequali
1105 3579 1209 3645 modo

102 3685 284 3768 utrumque
301 3685 498 3769 respicere,
517 3686 653 3751 habere
672 3691 708 3750 et
720 3686 899 3768 judicare,
915 3685 1011 3769 quod
1026 3685 1210 3750 notionem

102 3783 176 3872 Dei,
193 3793 344 3876 eJ'usque
360 3811 531 3877 suprema
549 3793 724 3857 attributa
739 3793 884 3876 penitus
909 3792 1054 3873 evertit;
1087 3793 1124 3856 in
1156 3810 1210 3858 or-

103 3893 179 3961 dine
194 3901 332 3982 morali,
352 3901 486 3984 quippe
503 3901 675 3984 supponit
692 3901 952 3965 conscientiam
969 3904 1131 3964 nostram
1143 3917 1210 3983 pro

103 4005 276 4072 suolibitu
296 4008 415 4072 otlicia
432 4025 521 4091 erga
538 4007 778 4072 Divinitatem
807 4008 992 4089 implenda
1020 4006 1211 4071 admittere

103 4110 159 4174 vel
174 4114 327 4196 rejicere
340 4133 460 4198 posse,
476 4114 572 4198 quod
585 4114 744 4179 naturali
758 4113 935 4196 justitiae,
962 4118 1086 4179 rectae
1103 4115 1211 4179 ratio·

105 4218 136 4280 ni
153 4225 186 4284 et
197 4227 389 4288 creatorae
407 4221 643 4305 intelligentis
661 4221 859 4287 conditioni
876 4221 985 4304 plane
1017 4225 1209 4305 repugnat.

183 4329 510 4398 indifferentismus
525 4336 645 4396 autem
654 4330 888 4416 particularis
903 4335 938 4394 et
954 4331 1133 4412 rotaticus,
1152 4329 1212 4412 qui
