3024 4994
794 417 972 476 -268-

417 563 468 627 1.⁰
515 561 727 626 Praelatum
739 563 799 643 jus
831 562 911 626 sive
927 559 1187 644 patriarchale,
1206 561 1286 624 sive
1315 559 1432 642 prima·

327 669 520 752 tiale,sive
544 669 862 752 metropoliticum,
895 670 964 734 fuit
994 687 1092 734 mere
1123 669 1329 752 delegatum
1360 671 1433 730 eta

328 777 420 842 Sede
433 777 646 860 Apostolica
661 777 798 841 directe
829 777 1023 860 profluens;
1043 777 1271 860 exploratum
1290 789 1434 855 namque

327 893 382 950 est
400 901 523 950 omnes
540 883 740 966 Episcopos
754 901 800 948 ex
818 883 942 948 divina
959 883 1184 948 institutione
1212 899 1320 965 pares
1349 881 1435 945 inter

327 1009 366 1056 se
379 990 506 1056 haberi
516 989 643 1055 ordine
657 993 693 1054 et
707 994 903 1073 potestate,
918 1009 961 1056 ac
971 989 1122 1073 proinde
1135 987 1435 1072 quaecumquedi·
1490 1038 1491 1041 η

325 1097 475 1178 gnitatis
488 1097 548 1162 rel
560 1099 750 1180 potestatis
761 1099 1034 1181 praerogativa,
1044 1099 1328 1181 qualabentibus
1340 1097 1436 1160 aunis

326 1202 651 1268 nonnullae'Sedes
670 1203 908 1288 Episcopales
926 1209 1056 1269 auctae
1085 1209 1121 1268 et
1149 1205 1344 1288 insignitae
1370 1205 1435 1267 fue-

326 1315 422 1394 runt,
438 1329 483 1375 ex
502 1309 684 1376 cathedra
702 1311 800 1376 Petri
819 1314 986 1395 prolecta
1006 1317 1073 1394 est3
1089 1313 1275 1378 enimvero
1289 1311 1436 1376 Patriar-

326 1421 430 1503 chae,
445 1421 622 1485 Primates
640 1423 676 1484 et
695 1419 954 1502 Metropolitae
977 1420 1036 1502 jus
1069 1420 1219 1484 creandi
1247 1419 1437 1502 Episcopos
1490 1422 1491 1425 ’

325 1527 558 1609 Apostolicae
572 1524 656 1590 Sodi
667 1525 840 1590 divinitus
858 1519 993 1608 datum,
1007 1543 1125 1608 neque
1135 1527 1373 1608 possessione,
1384 1543 1437 1588 ne-

325 1653 395 1718 que
412 1635 713 1718 praescriptione,
733 1651 851 1718 neque
884 1634 1158 1716 consuetudine,
1177 1651 1295 1717 neque
1308 1635 1381 1697 ulla
1394 1635 1438 1697 in·

325 1743 512 1807 stitutione
525 1743 684 1807 humana
700 1742 769 1807 sibi
783 1742 990 1826 adquirere,
1009 1759 1127 1825 neque
1140 1741 1291 1806 Romani
1302 1740 1426 1805 Pontili

326 1867 386 1912 ces
419 1847 544 1914 eodem
563 1867 603 1914 se
632 1849 806 1914 abdicare
837 1854 1049 1931 potuerunt,
1084 1849 1170 1930 quia
1198 1849 1258 1929 jus
1286 1847 1439 1911 divinum

325 1955 424 2020 nullo
442 1953 627 2020 homiuum
647 1957 745 2021 iacto
764 1961 801 2022 et
818 1957 1045 2022 institutione
1064 1954 1247 2037 abrogari,
1266 1952 1440 2018 immutari

326 2059 388 2125 vel
403 2060 537 2126 inverti
551 2064 684 2143 potest.

413 2167 465 2233 2.⁰
513 2167 765 2251 Patriarchae,
787 2168 963 2234 Primates
977 2172 1013 2233 et
1027 2167 1298 2251 Metropolitani
1316 2169 1441 2232 incon·

325 2274 517 2338 stituendis
529 2273 718 2356 Episcopis
728 2291 800 2339 non
815 2279 919 2339 erant
934 2276 1077 2340 omnino
1089 2275 1207 2355 liberi,
1219 2274 1283 2339 sed
1296 2273 1440 2354 inhujus

326 2382 596 2464 potestatisusu
627 2383 742 2464 sequi,
777 2393 1021 2464 accurateque
1050 2399 1203 2448 serrare
1231 2381 1440 2446 tenebantur

326 2491 479 2554 formam
496 2491 541 2554 ab
571 2489 698 2554 eadem
726 2489 938 2572 Apostolioa
968 2489 1060 2554 Sede
1092 2491 1360 2573 praescriptam
1386 2487 1440 2554 vel

327 2595 548 2676 mandatam,
578 2597 661 2660 hinc
691 2595 840 2660 Romani
871 2595 1064 2662 Pontifices
1088 2601 1273 2680 potestate
1300 2615 1367 2662 sua
1393 2595 1441 2658 usi

327 2707 421 2767 sunt:
438 2702 465 2780 ⁸)
484 2702 624 2784 quoties
633 2703 716 2783 juro
727 2719 790 2766 suo
804 2701 1105 2784 Metropolitanus
1120 2703 1352 2787 abutebatur,
1366 2720 1440 2767 con-

328 2808 503 2873 firmando
517 2813 823 2888 contracanones3
841 2807 866 2892 ¹³)
878 2827 958 2873 cum
972 2809 1246 2892 dispensatione
1258 2829 1347 2894 opus
1360 2813 1441 2888 erat,

328 2933 420 2997 quae
438 2915 554 2980 asolo
573 2917 733 2980 Romano
765 2917 939 2980 Pontifice
969 2917 1121 2981 concedi
1155 2925 1291 2999 posset,
1325 2921 1441 3000 utpote

327 3021 503 3086 facultate
521 3023 685 3103 generali
714 3040 825 3105 supra
854 3039 1015 3088 canones
1045 3025 1281 3106 dispensandi
1308 3023 1441 3108 praedi-

328 3133 377 3206 to;
396 3129 421 3206 ο)
436 3127 578 3208 quaudo
598 3127 828 3210 Metropolita
846 3128 965 3193 officio
983 3147 1047 3194 suo
1067 3149 1139 3194 non
1156 3133 1387 3214 fungebatur.
1508 3177 1509 3200 t

417 3232 466 3296 3.⁰
513 3233 664 3299 Demum
682 3236 751 3318 ipsi
764 3237 915 3300 Romani
942 3237 1136 3302 Pontifices
1167 3241 1351 3305 interdum
1382 3237 1442 3302 sibi

329 3337 472 3420 penitus
488 3350 710 3406 reservarunt
726 3342 987 3407 institutionem
1016 3343 1293 3428 Episcoporum,
1327 3345 1386 3410 uhi
1411 3349 1442 3405 et

327 3443 471 3525 quando
485 3445 521 3508 id
535 3447 708 3527 optimum
722 3448 822 3513 factu
836 3451 906 3513 rati
920 3456 1016 3533 sunt,
1030 3453 1111 3517 sive
1125 3471 1190 3535 pro
1205 3452 1301 3518 bono
1315 3455 1442 3517 anima·
1507 3497 1508 3506 ,

328 3569 406 3616 rum
424 3553 568 3618 facilius
587 3557 623 3618 et
636 3557 746 3619 tutius
764 3559 1025 3642 promovendo,
1045 3561 1125 3625 sive
1144 3579 1210 3643 pro
1244 3561 1384 3626 meliori
1412 3561 1443 3621 et

329 3659 542 3724 ordinatiori
558 3659 804 3726 Ecclesiarum
821 3665 1010 3747 regimine,
1027 3667 1114 3748 quin
1133 3669 1269 3732 nemini
1283 3667 1444 3750 injuriam

328 3765 504 3847 irruerent,
525 3767 658 3849 quippo
671 3769 753 3848 jure
771 3788 835 3834 suo
854 3771 1061 3836 utebantur:
1097 3773 1304 3855 huJusmodi
1339 3789 1444 3838 reser-

329 3869 513 3936 vationum
532 3873 700 3955 exempla
717 3876 842 3942 videre
875 3881 930 3942 est
958 3879 1057 3961 apud
1084 3880 1277 3946 historiam
1307 3880 1444 3946 electio·

330 3991 412 4038 num
427 3977 686 4059 episcopalium
702 3986 941 4048 monumentis
959 3987 1179 4070 authenticis
1197 3990 1373 4056 innixam.
