3034 4990
540 394 721 484 ¹-343--

77 569 224 652 quadam
242 573 278 634 et
293 569 459 651 legitima
473 569 644 634 libertate
661 569 847 652 personali
860 569 1041 650 fruuntur,
1058 589 1103 636 ne
1117 569 1191 634 adi-

76 681 197 755 gantur
213 676 261 740 ad
280 677 518 764 christianam
543 676 758 758 religionem
786 676 1069 759 suscipiendam:
1098 677 1191 741 unde

76 799 138 845 non
154 782 243 846 licet
258 783 358 848 bella
372 800 503 864 gerere
520 783 566 847 ad
585 784 862 848 conversionem
889 800 1116 866 paganorum
1133 783 1191 847 ob-

76 887 263 968 tinendam,
283 888 503 953 sedtantum
520 889 641 953 modia
668 885 816 956 mitiora
848 890 1025 966 culturae,
1060 888 1190 954 doctri·

76 1009 148 1074 nae,
163 995 411 1076 persuasionis
429 995 489 1059 vel
504 996 733 1078 apostolatus
752 996 943 1076 adhibere;
959 1012 1087 1061 verum
1102 995 1192 1076 opti·

76 1116 125 1162 mo
138 1101 219 1180 jure
237 1101 292 1164 sas
306 1101 376 1166 erit
404 1101 624 1167 interdicere
656 1102 854 1185 gentilibus
884 1107 987 1166 actus
1004 1119 1068 1166 seu
1101 1101 1190 1166 ritus

75 1207 223 1286 positive
241 1207 445 1271 contrarios
462 1208 535 1290 legi
551 1209 722 1291 naturali,
742 1209 802 1274 vel
817 1208 971 1274 delubra
984 1209 1102 1273 cultus
1118 1207 1191 1272 ido·

75 1311 186 1376 latrici
198 1318 379 1395 evertere,
414 1315 500 1397 quia
533 1315 615 1397 ipsa
643 1323 775 1379 natura
807 1315 1103 1396 superstitionem
1130 1313 1191 1378 da-

77 1423 178 1500 mnat,
191 1420 253 1483 vel
265 1420 399 1484 bellum
413 1420 589 1502 indicere,
605 1421 749 1510 quoties
767 1420 970 1486 Ecclesiam
988 1411 1200 1500 offendere,¹

76 1525 265 1590 catholicos
289 1526 539 1592 missionarios
569 1527 742 1592 insectari
772 1533 809 1591 et
837 1526 1033 1609 neophitos
1061 1525 1190 1590 vexari

76 1631 236 1695 audeant.

155 1737 231 1802 214.
280 1735 470 1804 Coronidis
484 1739 616 1821 gratia,
631 1739 854 1804 levissimam
870 1738 1120 1820 subJungimus
1137 1754 1190 1802 re-

76 1845 272 1908 censionem
290 1845 390 1908 circa
409 1845 620 1910 historicam
646 1846 892 1910 evolutionem
925 1844 1023 1910 Juris
1052 1843 1192 1908 Publici

26 1939 27 1942 '
76 1947 326 2032 Ecclesiastici,
346 1957 420 2014 tum
437 1951 585 2033 laterai,
605 1956 681 2016 tum
699 1951 862 2017 Eaterai.

155 2057 315 2122 Historia
328 2057 349 2120 J
353 2057 426 2122 uris
443 2057 583 2122 Publici
599 2058 737 2124 laterai
755 2059 792 2122 in
811 2057 993 2138 triplicem
1018 2060 1188 2138 aetatem,

76 2164 338 2245 perspicuitatis
354 2165 489 2246 gratia,
509 2164 620 2229 tribui
636 2169 770 2247 potest,
786 2165 977 2247 antiquam,
992 2165 1141 2228 mediana
1154 2169 1191 2226 et

77 2291 198 2337 aonam.

133 2379 243 2444 Aetas
261 2380 406 2463 antiqua
423 2379 565 2444 induas
580 2378 739 2459 epochas
756 2377 1190 2460 subdividitur‚epocham

72 2485 339 2570 peraequationis
352 2503 416 2550 seu
430 2493 516 2550 ante
530 2503 660 2568 pacem
674 2485 875 2568 Ecclesiae,
892 2495 1001 2570 atque
1014 2485 1191 2569 epocham

77 2593 335 2675 organisatioaia
358 2609 423 2656 seu
455 2597 538 2673 post
556 2610 686 2673 pacem
722 2593 1067 2658 constantinianam.
1103 2590 1190 2656 Aate

72 2716 182 2777 pacem
197 2697 388 2779 Ecclesiae,
403 2699 541 2780 passim
557 2698 684 2764 videre
703 2703 758 2762 est
775 2701 812 2762 in
830 2699 1021 2780 Episcopis
1034 2719 1191 2762 accama-

77 2802 227 2870 lationem
240 2803 377 2885 jurium
397 2821 461 2868 seu
480 2804 676 2870 maximam
693 2806 940 2869 autonomiam
972 2821 1019 2867 ex
1051 2802 1188 2884 duplici

77 2925 176 2974 causa
191 2911 407 2992 profectam:
429 2910 479 2975 1.⁰
498 2929 545 2975 ex
560 2911 805 2994 peculiaribus
838 2927 959 2975 rerum
993 2910 1183 2995 adjunctis

77 3017 197 3082 etenim
211 3018 410 3082 auctoritas
429 3018 601 3082 centralis
615 3018 857 3082 Romanorum
883 3015 1096 3081 Pontificum
1116 3033 1190 3080 non

76 3125 214 3189 multum
231 3124 382 3189 influere
398 3129 544 3206 poterat
560 3125 828 3206 impedimentis
848 3125 1024 3188 obstricta
1042 3128 1117 3188 tum
1136 3125 1188 3188 in·

77 3231 191 3311 ternis,
213 3247 307 3313 quae
325 3231 468 3312 abipso
486 3237 583 3295 statu
600 3231 876 3313 propagationis
893 3231 1082 3312 religionis
1100 3232 1189 3295 orie·

77 3333 207 3418 bantur,
221 3343 295 3402 tum
310 3339 485 3420 externis,
504 3356 598 3421 quae
616 3355 662 3402 ex
687 3342 785 3402 statu
813 3337 1078 3420 persecutionis
1108 3354 1188 3418 pro·

77 3439 315 3508 fluebant12.⁰
350 3462 396 3509 ex
427 3445 674 3527 exception¹ali
700 3465 934 3529 personarum
967 3443 1187 3518 conditione;

78 3551 241 3614 sanctitas
259 3551 368 3633 enim,
404 3551 588 3634 quasillis
618 3552 780 3632 pristinis
809 3551 1034 3631 temporibus
1051 3549 1089 3613 in
1107 3549 1188 3631 Epi-

77 3657 186 3736 scopis
203 3657 437 3739 electoribus,
454 3675 598 3722 necnon
614 3659 652 3722 in
667 3658 766 3722 clero
779 3663 815 3722 et
836 3657 972 3740 populo
989 3655 1187 3735 eminebat,

77 3757 268 3827 habebatur
286 3768 473 3846 tamquam
488 3764 673 3828 sufficiens
706 3769 959 3845 argumentum
991 3761 1189 3845 primaevis

75 3861 255 3951 Episcopis
268 3870 464 3952 plurimum
477 3872 706 3936 auctoritatis
719 3870 932 3935 conferendi
948 3871 986 3933 in
1016 3867 1189 3934 ecclesia·

76 3972 156 4038 stica
169 3977 359 4058 regimine.
375 3979 458 4043 Post
467 3999 592 4062 pacem
605 3979 791 4061 Ecclesiae,
806 3979 926 4042 locum
940 3978 1080 4042 obtinet
1093 3998 1190 4062 repa·

76 4078 227 4150 lariaatio
241 4084 377 4165 jurium
394 4085 432 4148 in
444 4085 617 4166 gradibus
635 4086 917 4167 episcopalibus,
936 4085 1015 4148 sive
1044 4084 1188 4148 inferio·

76 4185 177 4272 ribus,
196 4192 276 4256 sive
293 4192 554 4274 superioribus,
570 4196 722 4274 peracta
740 4192 922 4256 mediante
947 4191 1188 4274 organisatio-

75 4307 116 4356 ne
141 4295 378 4381 disciplinari,
408 4299 594 4381 personali
625 4302 663 4364 et
694 4298 920 4381 territoriali,
954 4317 1063 4383 quam
1105 4296 1189 4362 totis
