3034 4990
533 348 710 412 -299-

20 525 21 532 ¹
80 495 183 563 Statua
197 499 307 583 enim,
322 498 437 582 aJ‘unt,
455 501 511 564 est
529 515 644 582 aeque
662 497 804 563 debitor
819 493 1056 580 protectionis
1070 493 1180 560 omni·

19 607 20 610 ’
79 603 132 668 bus
147 605 220 670 suis
236 605 408 671 membris
431 604 621 670 catholicis
639 610 675 670 et
698 602 909 686 incredulis,
943 619 1023 668 cum
1056 617 1181 666 omnes

79 710 137 774 sint
148 710 288 794 pariter
305 711 419 776 cives:
434 709 486 775 3.⁰
500 711 701 776 carentiam
724 708 952 775 auctoritatis
969 707 1006 773 in
1018 706 1121 772 Statu
1135 706 1182 771 ad

18 853 19 856 =
79 816 323 884 coarctandam
337 817 471 884 civium
484 816 691 882 libertatem
705 815 825 898 quoad
830 814 981 897 jndicia,
991 813 1180 878 discussio·

78 939 141 1005 nes,
159 923 408 990 doctrinarum
422 923 723 1006 propagationem
741 926 779 987 at
790 921 975 1003 religionis
989 918 1181 1003 professio·

17 1047 19 1100 J
77 1045 157 1110 nam;
176 1030 312 1114 qnippe
344 1028 478 1112 Status,
498 1029 676 1112 inquiunt,
694 1028 886 1093 dumtaxat
916 1027 1092 1110 impedire
1123 1025 1182 1090 de-

17 1173 19 1220 ,
76 1135 126 1198 het
140 1135 239 1201 facta
270 1141 435 1219 externa,
453 1152 548 1218 quae
569 1136 732 1202 ordinem
762 1135 936 1201 socialem
953 1134 1181 1217 perturbant,

17 1247 19 1312 ἐ
76 1246 105 1304 et
116 1246 369 1326 tunc,propter
386 1242 608 1308 evidentiam
624 1243 679 1307 rei
696 1245 733 1306 et
744 1241 999 1306 necessitatem
1009 1239 1182 1323 tranquil·

17 1389 19 1398 ·
75 1347 174 1413 litatis
202 1350 372 1432 publicae
406 1349 575 1431 tuendae,
604 1349 758 1414 aliorum
787 1349 994 1413 libertatem
1026 1347 1184 1412 limitare

17 1451 19 1532 j‘
75 1461 196 1538 potest,
213 1456 278 1522 sed
295 1457 394 1522 nullo
413 1456 516 1521 modo
534 1456 742 1521 libertatem
758 1453 906 1519 laedere
922 1454 1025 1519 valet
1036 1470 1102 1536 pro
1120 1453 1181 1516 im·

75 1562 252 1642 pediendis
267 1562 413 1645 judiciis
431 1580 627 1646 eorumque
646 1561 953 1643 manifestatione,
971 1577 1064 1643 quae
1082 1566 1183 1642 utpo-

17 1675 18 1722 3
74 1677 103 1730 te
118 1669 213 1733 intra
230 1671 425 1752 sphaeram
442 1669 606 1734 idearum
624 1673 809 1750 contenta,
829 1668 994 1732 ordinem
1010 1667 1185 1732 socialem

17 1837 19 1856 f
75 1775 280 1852 subvertere
296 1783 493 1859 nequeunt.

17 1859 19 1890 ⁵
151 1881 221 1948 Sed
237 1883 355 1966 primo
374 1887 526 1965 aspectu
542 1881 751 1946 futilitatem
764 1881 914 1963 huJusce
935 1879 1183 1946 ratiocinatio·

76 1987 121 2050 nis
137 1991 288 2073 quisque
302 1990 431 2070 cernit,
447 1990 484 2053 in
501 1989 627 2072 primis
645 1988 752 2071 enim,
772 1988 905 2053 falsum
931 1993 987 2052 est
1002 1989 1184 2054 neminem

17 2151 18 2156 ,
75 2095 106 2156 in
117 2098 292 2160 societate
306 2094 447 2179 adesse,
463 2112 582 2177 neque
596 2094 705 2159 etiam
717 2094 901 2178 publicam
915 2095 1182 2176 auctoritatem,

17 2269 18 2272 ,
76 2202 128 2283 qui
141 2202 184 2267 de
202 2204 360 2268 veritate
374 2207 410 2266 et
423 2219 548 2267 errore
558 2201 725 2284 judicare
739 2207 860 2286 queat,
875 2202 1048 2286 illamque
1061 2201 1183 2266 defen-

17 2337 19 2380 ς
75 2307 151 2374 dere
163 2317 199 2374 et
216 2310 313 2374 hunc
329 2309 547 2394 praepedire
579 2313 744 2392 cogatur.
762 2308 808 2373 Et
831 2326 976 2394 revera,
991 2309 1085 2374 sicut
1102 2315 1185 2374 sunt

17 2431 18 2434 ’
76 2417 469 2496 quaedamaataraliter
487 2422 589 2482 certa
605 2424 642 2482 et
669 2435 777 2483 sensu
807 2421 987 2484 communi
1020 2420 1184 2485 omnibus

78 2525 266 2607 evidentia,
284 2527 322 2590 in
340 2526 469 2608 quihus
486 2542 604 2609 neque
621 2526 722 2592 cives
739 2527 875 2609 privati
903 2545 1021 2611 neque
1048 2527 1185 2610 publici

77 2634 305 2714 magistratus
321 2650 483 2698 errorem
499 2633 595 2698 bona
611 2633 681 2698 fide
697 2633 888 2699 admittere
905 2641 1066 2718 possunt,
1088 2635 1183 2700 ideo-

76 2754 137 2818 que
153 2741 369 2823 superhaec
384 2743 623 2806 cunctienota
637 2743 837 2807 auotoritas
862 2743 1020 2825 socialis,
1036 2743 1122 2825 quin
1136 2742 1183 2807 le-

76 2845 215 2922 gitimae
232 2848 396 2914 libertati
419 2851 666 2915 conscientiae
683 2851 923 2933 contradicat,
951 2850 1113 2935 postulat
1140 2868 1184 2916 ac

75 2955 245 3038 praecipit
264 2965 454 3022 externam
472 2959 718 3024 reverentiam
731 2957 768 3022 in
780 2958 960 3042 loquendo
975 2965 1011 3024 et
1027 2957 1182 3041 agendo;

75 3058 118 3123 ita
148 3065 257 3128 etiarn
275 3065 506 3147 reperiuntur
534 3067 773 3148 complurima
801 3067 978 3132 socialiter·
1006 3072 1119 3150 certa,
1149 3071 1186 3132 et

75 3169 277 3248 quibusdam
293 3173 489 3256 suppositis
508 3175 613 3240 factis
627 3174 692 3238 tali
709 3175 895 3240 evidentia
911 3175 1047 3240 donata
1066 3180 1104 3240 et
1129 3192 1184 3239 eo·

75 3277 150 3342 ciali
176 3282 425 3363 recognitione
457 3283 612 3364 sancita,
643 3281 843 3364 cujusmodi
877 3288 961 3348 sunt
986 3283 1183 3348 existentia

75 3382 211 3452 divinae
239 3389 476 3456 revelationis
491 3392 528 3454 et
548 3389 722 3454 divinitas
739 3388 941 3471 Ecclesiae,
972 3395 1010 3454 ut
1037 3388 1185 3472 publica

76 3497 228 3571 potestas
252 3495 335 3577 jnre
379 3514 616 3580 praesumere
646 3497 772 3562 valeat
819 3497 946 3562 eadem
990 3498 1184 3581 explorata

76 3609 324 3686 compertaque
342 3604 469 3669 haberi
493 3623 515 3669 a
539 3605 709 3669 membris
726 3605 912 3668 societatis
929 3605 982 3669 sic
1012 3604 1183 3670 constitu·

76 3710 140 3790 tae,
156 3709 267 3792 idest,
281 3711 505 3776 acatholicis
523 3711 702 3776 catholice
720 3711 896 3804 educatis,
912 3729 956 3776 ac
970 3711 1123 3795 proinde
1139 3713 1183 3777 si-

75 3813 107 3878 bi
117 3818 273 3901 legitime
289 3826 473 3904 competat
502 3820 709 3885 christianis
727 3820 921 3903 prohibere
952 3840 1045 3904 quae
1072 3839 1184 3905 paga-

76 3945 150 3996 nam
162 3933 456 4015 superstitionem
471 3932 692 4015 redolerent,
702 3937 738 3997 et
751 3931 940 3996 catholicis
953 3936 1185 4012 veterequae

78 4051 226 4104 errorem
244 4039 488 4106 acatholicum
505 4043 689 4122 saperent.

134 4145 328 4212 Praeterea
345 4147 495 4212 veritati
508 4150 647 4230 pugnat
666 4163 832 4212 asserere
846 4144 1087 4210 omnimodam
1101 4163 1184 4210 oon·

79 4252 241 4319 scientiae
258 4253 464 4320 libertatem
479 4254 617 4320 civibus
634 4272 714 4319 esse
727 4251 1017 4337 impertiendam,
1033 4269 1076 4317 eo
1091 4253 1186 4335 quod
