3030 4990
798 401 1005 478 -120-,

325 565 392 615 nus
409 567 511 614 suam
529 546 732 614 Ecclesiam
749 547 916 630 instituIt,
936 547 1036 612 nullo
1059 547 1142 629 jnre
1159 544 1317 630 positivo
1342 543 1444 628 potiri

324 657 419 722 inre
447 657 620 742 religiosa
647 673 765 740 neque
782 657 959 722 naturalis
992 653 1142 720 ordinis.
1162 653 1260 719 Vera
1275 653 1400 736 religio
1424 669 1445 716 a

325 762 402 828 Deo
416 763 493 846 iam
521 762 691 828 ordinata
706 766 775 845 est,
809 767 847 827 et
863 761 941 828 Deo
960 759 1178 845 providente
1195 763 1316 826 cessat
1343 776 1442 843 qnae-

325 887 478 954 cumque
493 868 568 935 alia
584 869 795 952 auctoritas,
813 886 908 953 quae
924 873 1064 934 tantum
1092 867 1175 951 jure
1192 867 1368 933 indirecto
1395 871 1443 930 at-

325 977 530 1062 queolflcio
557 976 771 1044 devolutivo
790 980 875 1043 ante
905 974 1037 1042 Christi
1066 975 1264 1042 adventum
1292 971 1443 1058 gaudere

325 1089 481 1168 poterat3
501 1084 689 1166 undejnre
706 1083 842 1166 optimo
868 1081 951 1148 Pius
980 1083 1033 1148 IX
1060 1082 1282 1165 improbavit
1298 1079 1443 1163 primam

326 1196 468 1274 partem
486 1191 745 1276 propositionis
763 1189 846 1255 XLI
875 1187 1028 1272 Syllam,
1058 1207 1151 1273 quae
1184 1191 1235 1254 ita
1261 1206 1301 1252 se
1327 1185 1441 1252 hahet:

327 1297 430 1368 Oioiii
446 1300 610 1384 potestati
627 1299 679 1364 oei
692 1299 734 1364 ab
752 1297 885 1386 infideli
901 1299 1089 1383 imperanti
1106 1299 1277 1364 enercitae
1294 1297 1443 1380 competit

318 1413 475 1494 potestas
492 1407 665 1474 indirecta
683 1408 844 1494 nepetino
862 1408 898 1472 in
911 1427 1027 1474 socru.

696 1725 958 1794 ARTICULUS
984 1725 1083 1792 VIII.
1119 1781 1156 1804 χ

771 1955 1009 2008 SUMIIARIUM.

327 2119 472 2190 eo-Jura
484 2125 513 2176 et
521 2119 614 2175 ollicla
626 2135 699 2189 quae
709 2119 857 2190 Supremio
867 2118 1083 2185 Magistratibus
1092 2115 1443 2188 competentergareligio

397 2209 463 2245 nem
477 2195 630 2246 revelatam
644 2197 672 2246 et
697 2191 853 2246 Ecclesiam
878 2192 1135 2244 catholicam—61.
1155 2189 1257 2244 Oitlcia
1280 2189 1440 2258 myctica.-

399 2267 442 2316 on.
461 2263 562 2317 Officia
580 2263 789 2332 pontina-titt.
808 2262 983 2316 Ostendetur
999 2260 1182 2330 philosophice
1196 2264 1337 2329 Principes
1357 2273 1441 2314 aeeon·

398 2337 471 2389 lares
482 2337 573 2390 teneri
583 2337 619 2388 ad
628 2335 825 2390 defensionem
839 2335 984 2400 religionis
993 2341 1079 2401 atque
1088 2335 1232 2388 Ecclesiae
1239 2332 1441 2402 protectionem.
1503 2303 1504 2358 i

398 2411 476 2460 -th
494 2407 603 2462 Eadem
617 2409 721 2462 verlice
735 2405 876 2476 theoiopice
888 2405 1189 2460 demonstretur.-·tih.
1208 2403 1394 2473 Objeotionee.

416 2587 470 2652 60.
518 2585 610 2652 Iura
637 2591 674 2652 et
704 2586 827 2652 olflcia
852 2584 1060 2668 Principum
1091 2583 1212 2678 quoad
1240 2583 1440 2666 religionem

328 2693 530 2760 revelatam
561 2698 598 2760 et
625 2693 828 2760 Ecclesiam
861 2693 1080 2758 catholicam
1120 2691 1276 2775 duplicis
1308 2689 1440 2774 generis

327 2805 422 2884 sunt,
438 2803 532 2868 sicut
559 2807 644 2866 ante
661 2801 925 2868 revelationem
943 2819 1032 2883 erga
1047 2801 1261 2882 religionem
1275 2817 1370 2866 mere
1386 2815 1440 2862 na·

328 2909 483 2976 turalem
501 2914 537 2974 et
553 2909 724 2975 socialem
739 2909 857 2974 cultus
882 2907 1018 2992 publici
1034 2908 1308 2991 exhibitionem,
1327 2903 1439 2972 videli-

329 3021 398 3098 cet,
414 3019 572 3103 nepetino
588 3021 623 3081 et
635 3017 802 3102 positiva,
822 3019 930 3099 prout
942 3017 979 3081 in
993 3015 1199 3082 omittendis
1213 3017 1353 3080 actibus
1369 3011 1439 3078 reli·
1501 3041 1502 3058 r

329 3125 427 3208 gioni
470 3129 506 3190 et
538 3123 724 3190 Ecclesiae
752 3125 893 3208 iuribus
927 3124 1221 3208 adversantibus,
1250 3124 1311 3189 vel
1341 3123 1375 3187 in
1403 3121 1440 3184 iis

329 3232 519 3315 ponendis,
538 3251 632 3315 quae
653 3233 688 3298 ln
701 3233 833 3297 honum
850 3232 1038 3316 religionis
1063 3239 1100 3296 et
1115 3231 1304 3298 Ecclesiae
1331 3231 1439 3295 delen·

329 3337 466 3402 sionem
484 3339 687 3419 conferunt,
707 3339 777 3403 sita
789 3339 884 3402 sunt.
1500 3401 1501 3418 1

418 3445 474 3509 61.
524 3441 654 3511 Officia
670 3447 830 3530 nepatioa
858 3445 929 3510 hoc
945 3445 1111 3527 generali
1132 3445 1312 3529 principio
1341 3439 1438 3508 conti·

330 3555 473 3616 nentur:
491 3552 660 3637 Princeps
678 3561 810 3620 tenetur
823 3575 891 3619 non
908 3553 1146 3619 contradicere
1167 3554 1329 3639 relipioai
1359 3567 1439 3616 rece·

329 3659 431 3741 latae,
449 3659 557 3724 ettoc
579 3667 728 3744 propter
760 3664 1020 3743 «praeceptum
1053 3660 1221 3725 naturale
1249 3653 1438 3744 hypotheti·
1499 3747 1500 3760 ἵ

331 3781 446 3830 ilum.»

419 3871 523 3936 Ratio
536 3873 642 3954 hujus
661 3873 832 3956 principii
849 3873 959 3937 obvia
977 3877 1044 3940 est:
1071 3873 1137 3940 Ius
1167 3877 1322 3940 naturae
1347 3885 1438 3956 prac-

331 3977 457 4042 scrihit
475 3984 660 4061 tamquam
677 3979 835 4044 officium
851 3980 1063 4062 negativum
1081 4001 1216 4066 semper
1234 3985 1271 4047 et
1289 3999 1355 4066 pro
1367 3997 1439 4043 rem·
1498 4041 1499 4050 ,

326 4105 394 4170 per
411 4084 576 4165 obligans
593 4101 666 4149 non
683 4085 935 4150 contradicere
954 4103 1068 4151 verae
1081 4085 1251 4168 religioni
1267 4101 1381 4169 neque
1392 4099 1438 4146 so·
1498 4077 1499 4156 ᾗ

332 4185 456 4254 cietati
470 4206 535 4272 pro
553 4191 616 4256 illo
629 4190 808 4255 tradenda
821 4197 857 4257 et
875 4191 1113 4258 custodienda
1130 4193 1333 4277 institutae
1352 4185 1439 4273 atqui

331 4294 368 4358 in
396 4294 588 4379 hypothesi
604 4295 751 4361 divinae
769 4298 1004 4364 revelationis
1023 4304 1059 4363 et
1087 4297 1278 4364 Ecclesiae
1297 4299 1438 4365 existen·
1497 4345 1498 4422 l
