3034 4990
531 412 709 473 -295-

86 555 252 624 utilitatem
268 563 305 624 et
333 559 528 627 relativam
558 559 816 628 necessitatem
845 556 1010 640 hujusce,
1040 572 1184 622 necnon

85 667 253 732 veritatem
271 666 490 733 existentiae
503 668 679 751 ejusdem3
710 664 762 730 2.⁰
791 665 876 749 quia
909 665 1089 730 revelatio
1122 664 1183 729 ha-

84 771 182 836 banda
193 777 246 836 est
259 773 375 837 veluti
388 775 544 840 medium
578 775 822 857 adaequatum
839 775 876 836 et
891 771 1184 835 efficacissimum

84 877 347 945 aDeoeleotum
364 879 411 944 ad
438 881 601 946 ordinem
630 879 803 946 socialem
837 877 1102 942 asservandum
1131 881 1183 942 tu·

84 983 293 1068 tandemque,
309 985 475 1069 ideoque,
494 987 574 1071 ipsa
592 989 744 1069 rejecta,
763 983 854 1049 ordo
887 983 1036 1048 socialis
1068 983 1182 1049 consi·

81 1093 162 1154 stoue
172 1095 206 1154 et
222 1093 437 1157 conservari
455 1095 593 1176 nequit.

155 1195 226 1262 183.
275 1197 409 1284 Lapice.
427 1199 565 1265 Horum
579 1203 818 1282 systematum
852 1196 994 1262 falsitas
1024 1215 1098 1261 non
1130 1213 1184 1262 so·

79 1300 141 1366 lum
154 1302 336 1386 colligitur
354 1322 400 1369 ex
416 1305 544 1372 intima
561 1309 693 1371 natura
727 1309 763 1370 et
790 1304 941 1388 propria
974 1302 1183 1369 eorumdem

80 1409 231 1490 essentia,
249 1410 443 1476 sedetiam
461 1431 507 1477 ex
525 1412 819 1478 conclusionibus
850 1411 911 1476 vel
929 1409 1182 1484 consectariis,

79 1516 286 1598 quaelogiee
299 1517 345 1582 ab
359 1519 447 1601 ipsis
464 1525 650 1585 eruuntur.
666 1518 784 1584 Semel
811 1517 908 1582 enim
938 1516 1095 1582 admisso
1128 1515 1184 1580 In·

79 1621 325 1688 differentismo
342 1641 386 1688 ac
402 1624 661 1708 Naturalismo,
676 1629 713 1690 et
744 1625 891 1690 summis
920 1622 1184 1706 imperantibus

79 1727 219 1794 officium
237 1731 307 1794 erit
320 1731 529 1798 libertatem
544 1733 791 1799 conscientiae
811 1730 1047 1813 concedendi,
1063 1734 1100 1794 et
1111 1730 1187 1794 uni·

79 1836 349 1919 cuiqueciviJus
367 1845 550 1922 competet
564 1859 645 1904 eam
662 1838 857 1922 profitendi
887 1843 996 1921 atque
1029 1837 1075 1901 ad
1104 1854 1185 1920 pra·

77 1941 358 2026 ximreducendi3
377 1945 442 2010 sed
460 1963 541 2010 cum
567 1947 719 2011 libertas
753 1944 1000 2010 conscientiae
1029 1943 1187 2026 quinque

78 2048 154 2113 alias
166 2050 356 2116 libertates
372 2056 558 2137 tamquam
587 2054 786 2136 legitimum
805 2053 1037 2118 corollarium
1067 2053 1103 2116 et
1126 2068 1186 2116 ne·

77 2157 260 2222 cessariam
274 2159 463 2241 sequelam
482 2161 757 2242 complectatur,
776 2158 961 2240 videlicet,
980 2158 1186 2222 libertatem

77 2265 292 2347 capitationis,
308 2282 400 2347 quae
428 2267 588 2332 vicissim
619 2285 683 2349 per
712 2266 919 2331 libertatem
945 2267 1184 2346 discussionis,

76 2371 313 2452 impressionis,
334 2371 586 2448 adsectationis
602 2379 639 2437 et
654 2374 806 2440 caltccm
820 2373 1004 2437 evolvitur
1025 2377 1134 2455 etque
1151 2389 1187 2436 o·

76 2476 255 2559 stenditur,
271 2495 426 2560 pronum
443 2487 539 2544 esset
552 2481 688 2545 inferre
704 2481 880 2561 ejusmodi
894 2480 1083 2545 libertates
1102 2498 1187 2563 qua-

77 2581 145 2649 dam
162 2585 201 2649 vi
218 2603 263 2650 ae
280 2587 497 2651 certitudine
515 2589 666 2671 pollere,
687 2606 884 2672 earumque
904 2589 1117 2653 exercitium
1136 2587 1188 2651 uti

77 2687 263 2771 legitimum
278 2693 591 2776 atquehonestum
610 2701 774 2777 putatum
791 2695 848 2774 iri,
870 2695 964 2777 quod
994 2693 1136 2777 quidem
1167 2711 1188 2756 a

77 2811 155 2860 sana
170 2797 313 2862 ratione
327 2803 363 2863 et
381 2817 471 2864 vera
487 2817 609 2865 rerum
621 2804 753 2865 natura
771 2800 880 2882 plane
899 2799 1083 2876 abhorret;
1116 2803 1187 2862 ete·

77 2903 139 2968 nim
151 2905 380 2988 supradictas
395 2907 597 2990 libertates,
614 2908 644 2972 ei
662 2909 698 2972 in
714 2925 754 2971 se
787 2906 1040 2989 inspiciantur,
1076 2904 1189 2969 falsas

78 3015 107 3071 et
119 3012 265 3076 illicitas
282 3029 363 3076 esse
379 3012 516 3096 liquido
536 3019 652 3097 patet.

156 3115 205 3182 1.⁰
250 3118 420 3184 Libertas
433 3122 652 3206 capitationis
669 3139 732 3186 seu
766 3122 916 3186 libertas
949 3120 1098 3184 moralis
1131 3118 1189 3201 (de

79 3239 139 3304 qua
153 3225 212 3290 hic
224 3226 356 3308 agitur,
372 3244 444 3291 non
459 3227 504 3290 de
520 3227 688 3313 physica)
703 3228 876 3311 quidquid
888 3226 1069 3309 placuerit
1096 3225 1187 3307 judi·

78 3329 184 3414 candi,
204 3335 383 3414 quatenus
400 3333 532 3398 asserit
544 3335 769 3399 intellectum
782 3338 944 3398 nostrum
961 3333 1052 3398 nulli
1072 3349 1187 3397 mora-

78 3433 100 3496 li
114 3436 182 3520 legi
195 3438 345 3504 subesse
374 3440 411 3503 in
421 3441 568 3521 judiciis
604 3441 781 3524 ferendis,
795 3441 993 3505 falsissima
1021 3443 1187 3522 apparet:

79 3541 103 3618 al
119 3545 200 3626 quis
212 3563 315 3609 mens
331 3553 456 3610 nostra
473 3549 668 3611 veritatem
686 3548 869 3628 cognitam
894 3546 1050 3610 libenter
1082 3545 1190 3609 fateri

80 3663 134 3713 seu
148 3669 413 3734 recognoscere
432 3659 589 3732 tanetum
606 3650 632 3733 b)
648 3654 733 3735 quia
757 3653 952 3718 veritatem
969 3652 1190 3734 incognitam

81 3756 450 3841 siucereinvestigare
467 3760 586 3841 debet;
613 3761 744 3824 etenim
775 3759 854 3823 sola
888 3760 1026 3823 veritas
1057 3757 1191 3840 ample·

82 3869 201 3933 otenda
218 3875 329 3952 atque
346 3869 499 3933 colenda
517 3873 583 3950 est3
604 3875 629 3948 ο)
644 3867 730 3949 quia
743 3867 894 3931 libertas
910 3866 1140 3948 cogitationis
1150 3865 1189 3929 li·

82 3969 248 4042 bertatem
265 3977 486 4059 operationis
501 3975 818 4056 secumimportat3
838 3973 899 4055 qui
917 3973 1011 4036 enim
1027 3971 1119 4036 liber
1134 3975 1189 4036 est

83 4077 331 4166 injudicando,
361 4084 452 4148 liber
471 4084 582 4148 etiam
615 4083 652 4146 in
679 4081 863 4164 operando
894 4079 1095 4144 censendus
1123 4082 1189 4160 est,

85 4195 259 4270 quiaillud
273 4211 416 4276 semper
435 4211 544 4276 agere
562 4196 693 4274 potest,
716 4191 811 4273 quod
841 4191 977 4271 justum
1011 4186 1192 4251 existima·

86 4303 143 4362 ret:
162 4302 244 4368 hinc
257 4304 317 4368 vel
336 4318 519 4384 nunquam
533 4299 670 4382 absque
688 4297 821 4377 injuria
844 4297 973 4362 liceret
1003 4299 1192 4358 externam
