3120 4988
806 367 962 428 ..40..

411 509 525 604 Prob.
542 511 629 578 min.
656 509 819 578 Societas
836 511 1054 578 auctoritate
1071 526 1241 595 suprema
1273 517 1309 578 et
1333 511 1443 596 magi·

322 617 435 686 sterio
450 618 710 694 auctoritative
735 623 845 702 atque
873 617 1057 684 infallibili
1074 616 1247 683 divinitus
1265 619 1445 684 instructa
1548 642 1551 685 r

325 743 437 811 supra
469 729 620 791 cunctos
648 726 815 809 populos,
849 743 965 810 regna
994 730 1030 790 et
1058 730 1185 808 gentes
1217 744 1444 811 quocumque

323 837 502 916 tempore,
522 833 603 897 loeo
621 837 731 916 atque
747 832 929 915 adjunctis
945 829 1194 897 indubitanter
1207 833 1376 898 habenda
1391 841 1445 900 est

322 941 589 1006 velutsocietas
603 938 776 1022 religiosa
789 937 971 1004 catholica
985 943 1048 1002 aut
1059 939 1290 1021 universalis,
1303 958 1376 1006 non
1390 959 1441 1006 so·
1550 969 1551 972 ¹

326 1047 398 1111 lum
417 1046 454 1111 in
469 1047 655 1110 abstracto
673 1061 738 1109 seu
755 1049 923 1128 spectata
939 1049 979 1109 ut
1002 1045 1145 1128 religio,
1176 1063 1301 1110 verum
1333 1047 1443 1112 etiam
1551 1073 1552 1116 ι

321 1153 358 1219 in
387 1157 558 1219 concreto
577 1171 641 1218 seu
658 1152 891 1219 considerata
910 1153 948 1217 in
964 1171 1031 1217 sua
1062 1157 1216 1218 externa
1250 1154 1378 1236 politia
1409 1160 1445 1219 et
1551 1183 1552 1226 r

326 1259 516 1342 regimine;
553 1261 653 1343 atqui
680 1259 846 1324 Ecclesia
874 1279 896 1324 a
925 1257 1068 1325 Christo
1085 1259 1240 1324 Domino
1261 1265 1444 1343 potestate
1551 1291 1552 1328 ÷

325 1367 448 1450 plena,
467 1367 593 1431 divina
611 1372 721 1449 atque
749 1365 959 1432 immediata
987 1365 1121 1431 donata
1149 1371 1205 1431 est
1237 1367 1391 1433 docendi
1409 1377 1446 1434 et
1551 1399 1552 1438 ;

321 1475 496 1559 pascendi
514 1497 629 1541 ornnes
645 1482 771 1562 pentes,
787 1476 824 1539 ia
841 1476 1038 1539 uniuersum
1057 1474 1220 1538 mucidum
1239 1475 1276 1537 et
1288 1475 1445 1539 omnibus

323 1583 565 1668 dicturusque
593 1583 640 1648 ad
657 1583 978 1648 consummationem
993 1581 1138 1664 soeculi,·
1152 1581 1261 1663 igitur
1279 1579 1446 1647 Ecclesia
1552 1621 1553 1654 r

322 1693 377 1754 est
394 1689 554 1754 societas
572 1688 741 1754 catholica
758 1695 820 1752 aut
836 1687 1055 1752 universalis
1069 1703 1141 1752 non
1158 1688 1273 1751 solum
1290 1688 1341 1752 uti
1371 1707 1444 1754 ma·

320 1796 436 1878 gistra
452 1796 620 1860 veritatis
638 1799 675 1859 et
692 1800 812 1860 custos
829 1794 1029 1877 religionis,
1050 1793 1114 1858 sed
1131 1795 1239 1859 etiam
1259 1801 1445 1878 tamquam

320 1902 477 1966 societas
493 1901 648 1966 visibilis
665 1907 702 1966 et
726 1908 891 1982 externa,
922 1902 1024 1982 cujus
1056 1901 1204 1966 divinae
1233 1903 1446 1968 auctoritati

321 2011 358 2072 et
389 2025 560 2092 supremo
587 2008 755 2090 regimini
772 2008 887 2072 omnis
905 2013 1076 2072 creatura
1105 2008 1253 2073 subesse
1284 2013 1443 2093 tenetur,

321 2113 475 2199 ideoque
494 2117 590 2180 inter
606 2133 730 2180 omnes
747 2115 942 2180 societates
958 2115 1142 2198 periectas
1173 2116 1444 2198 perfectissima

320 2229 356 2286 et
369 2223 525 2288 maxime
538 2221 785 2306 independens
800 2222 961 2306 putanda
977 2223 1058 2288 erit.

408 2329 460 2394 4.⁰
507 2331 685 2396 Probatur
696 2332 872 2414 perfectio
887 2329 1074 2396 Ecclesiae
1088 2347 1135 2395 ex
1148 2331 1225 2412 ejus
1235 2341 1443 2416 supernata-

321 2436 476 2502 roiilate:
489 2438 645 2502 societas
662 2438 951 2521 supernaturalis
964 2439 1114 2519 ejusque
1130 2441 1295 2521 potestas
1307 2437 1445 2503 debent

321 2559 401 2606 esse
420 2542 607 2624 perfectae
624 2548 734 2626 atque
752 2543 1040 2627 independentes
1058 2561 1080 2606 a
1108 2561 1335 2627 quacumque
1367 2545 1445 2610 alia

321 2651 496 2714 societate
514 2657 549 2714 et
566 2657 748 2733 potestate
766 2652 937 2734 naturali;
957 2652 1058 2735 atqui
1075 2657 1149 2716 tum
1168 2651 1335 2717 Ecclesia
1366 2659 1444 2719 tum
1554 2705 1555 2730 ,

321 2755 433 2839 ipsius
450 2761 612 2839 potestas
629 2757 931 2840 supernaturales
955 2764 1051 2840 sunt;
1070 2775 1157 2841 ergo
1175 2759 1363 2843 perfectae
1383 2761 1445 2824 vel

319 2861 607 2945 independentes
622 2883 643 2929 a
661 2865 839 2930 societate
871 2865 971 2932 civili
987 2869 1023 2930 et
1052 2870 1234 2948 potestate
1259 2866 1444 2932 saeculari

320 2968 511 3034 habendae
527 2975 623 3034 sunt.

410 3077 515 3142 Prob.
528 3080 614 3160 maJ.
635 3078 799 3144 Societas
814 3079 1220 3164 ejusdemquepotestas
1236 3083 1443 3164 proportio-

320 3200 402 3248 nem
418 3200 569 3250 servare
585 3185 717 3251 debent
735 3205 814 3251 cum
832 3205 897 3252 suo
914 3187 1040 3252 ordine
1057 3195 1093 3252 et
1110 3189 1193 3270 flne;
1213 3189 1314 3273 atqui
1338 3193 1444 3257 nulla

320 3288 424 3354 adest
456 3293 643 3375 proportio
673 3293 767 3358 inter
795 3295 1009 3360 societatem
1024 3313 1067 3360 ac
1081 3301 1298 3378 potestatem
1315 3315 1443 3382 super·

319 3398 523 3463 naturalem
540 3404 576 3463 et
587 3401 801 3466 societatem
816 3407 1107 3487 potestatemque
1121 3405 1338 3488 naturalem,
1354 3409 1444 3490 qula

319 3511 402 3569 sunt
419 3505 555 3570 diversi
574 3507 709 3572 ordinis
739 3515 774 3573 et
802 3509 895 3592 finis;
923 3527 1010 3593 ergo
1038 3512 1195 3576 societas
1224 3521 1443 3596 supernatu-

318 3611 405 3676 ralis
432 3614 583 3698 ejusque
601 3621 763 3698 potestas
781 3616 916 3682 debent
947 3636 1026 3683 esse
1044 3619 1231 3701 periectas
1250 3627 1360 3704 atque
1389 3623 1442 3688 in·

318 3716 844 3806 dependentesaquacumque
876 3725 950 3788 elia
981 3726 1158 3791 societate
1188 3731 1224 3792 et
1255 3735 1443 3812 potestate

318 3825 489 3908 naturali;
519 3846 605 3911 ergo
625 3835 806 3912 repugnat
829 3834 1049 3914 potestatem
1085 3833 1243 3919 civilem,
1279 3854 1361 3902 cum
1393 3840 1444 3904 ait

317 3933 507 4016 naturalis,
527 3953 606 4000 esse
637 3953 701 4017 per
734 3955 774 4002 se
790 3941 1107 4022 supernaturalem
1141 3961 1204 4008 seu
1234 3945 1443 4025 subjectum

318 4039 508 4118 potestatis
521 4039 721 4123 spiritualis
735 4049 772 4108 et
784 4045 990 4129 religiosae,
1006 4049 1066 4113 vel
1081 4049 1126 4112 ab
1144 4050 1237 4132 ipsa,
1255 4050 1386 4116 minori
1404 4060 1444 4119 et
1487 4079 1494 4092 ·

316 4143 450 4228 intima,
477 4147 868 4233 penderepotestatem
892 4156 1221 4240 supernaturalem,
1258 4157 1441 4240 majorem

317 4255 428 4334 atque
448 4254 720 4322 nobilissimam.
