3024 4994
838 429 1016 486 -244-

365 575 532 642 Ecclesia
545 571 699 658 Christi„
718 573 844 640 Pastor
861 579 1021 640 aeternae
1045 573 1389 659 promulgationem,
1407 595 1478 642 sen-

366 683 481 748 tentia
498 697 591 764 quae
604 683 704 746 tenet
717 678 1008 762 jurisdictionem
1026 681 1274 766 episcopalem
1303 683 1342 748 ia
1353 703 1478 750 concre-

366 789 646 875 toeteabjectioe
663 787 865 870 inspectam
891 787 1099 852 immediate
1127 807 1149 852 a
1179 787 1257 854 Deo
1291 789 1477 874 proficisci,

366 897 499 962 vulnus
517 895 608 960 adeo
626 893 882 978 gravissimum
898 894 1022 977 subiit,
1040 899 1079 958 ut
1097 911 1207 978 aegre
1236 896 1432 962 consistere
1448 905 1480 962 at

365 1003 533 1086 componi
543 1019 650 1086 posse
668 1000 836 1066 videatur
852 1019 934 1067 cum
947 999 1113 1068 doctrina
1130 1003 1168 1068 in
1185 1021 1265 1086 cap.
1282 1003 1337 1069 III
1355 1005 1478 1070 tradita

365 1107 693 1194 parag.-Taatum
720 1115 834 1173 autem
851 1110 955 1189 abeat,
982 1113 1068 1191 etc,
1100 1110 1258 1176 maxime
1291 1127 1379 1176 vero
1406 1128 1477 1176 cum

364 1234 504 1282 canone
521 1215 726 1298 dogmatico
744 1214 974 1298 praelaudati
993 1215 1136 1298 capitis,
1155 1217 1192 1282 ln
1211 1235 1281 1300 quo
1299 1220 1475 1301 tamquam

365 1325 503 1390 veritas
516 1323 600 1388 fidei
611 1323 677 1388 sub
705 1323 950 1388 anathematis
973 1339 1092 1406 poena
1122 1323 1281 1388 tenenda
1314 1327 1477 1390 statuitur

365 1437 476 1514 atque
490 1431 704 1514 proponitur
714 1429 900 1513 plenitudo
914 1451 1104 1514 supremae,
1114 1430 1317 1496 ordinariae
1332 1439 1363 1497 et
1376 1434 1476 1496 imme·

366 1536 921 1622 diataepotestatisPontihciae
942 1539 1013 1604 sive
1046 1539 1082 1603 ia
1116 1558 1230 1604 amaea
1262 1561 1304 1604 ac
1336 1539 1476 1625 stapulas

366 1645 553 1725 Ecclesiae,
567 1645 638 1712 eive
650 1647 687 1710 ia
704 1667 819 1712 amaea
835 1653 867 1712 et
879 1649 1033 1734 eiaqaloe
1044 1655 1206 1733 pastores
1222 1655 1254 1714 et
1267 1649 1397 1734 fideles.

457 1753 531 1818 150.
580 1751 767 1819 Sententia
785 1753 961 1836 originem
994 1754 1240 1820 immediatam
1272 1773 1295 1818 a
1324 1753 1400 1818 Deo
1429 1771 1477 1818 su-

366 1863 544 1944 stentans,
563 1861 594 1926 si
606 1861 764 1943 ingenue
778 1861 879 1944 loqui
892 1862 949 1925 fas
964 1865 1032 1943 est,
1049 1878 1233 1944 nunquam
1251 1861 1338 1926 mihi
1351 1863 1475 1940 arrisit;

366 1966 499 2030 etenim
528 1967 609 2032 luce
626 1985 739 2032 sanae
764 1967 910 2032 critices
939 1971 975 2032 et
1001 1969 1109 2050 juxta
1138 1968 1322 2051 principia
1331 1969 1477 2051 Jurldica

365 2079 532 2158 spectata
549 2074 778 2158 gravissimis
792 2093 978 2158 propeque
997 2075 1195 2140 innumeris
1213 2075 1476 2142 difficultatibus

368 2182 609 2265 undequaque
636 2185 766 2246 scatet:
783 2181 828 2246 ad
842 2180 943 2246 illam
956 2200 1105 2265 prorsus
1120 2182 1386 2266 explodendam
1399 2183 1476 2246 satis

366 2295 423 2356 est
451 2291 651 2373 praecipua
683 2289 912 2354 incommoda
945 2307 1173 2372 enumerare,
1206 2308 1301 2374 quae
1331 2291 1410 2356 heic
1438 2289 1476 2352 ad

367 2400 522 2479 quatuor
539 2397 661 2479 capita
680 2395 831 2462 redacta
847 2397 1063 2463 brevissime
1077 2397 1339 2480 subjungimus:

457 2507 507 2570 1.⁰
554 2506 596 2572 ln
612 2505 681 2572 hac
698 2504 892 2588 hypothesi
909 2504 1058 2570 daretur
1072 2504 1278 2588 jurisdictio
1304 2505 1380 2570 sine
1407 2504 1475 2568 sub·

367 2611 463 2694 ditis,
481 2630 544 2678 seu
563 2613 659 2696 quod
676 2613 770 2677 idem
785 2617 851 2694 ast,
863 2612 1068 2694 jurisdictio
1082 2629 1176 2695 quae
1190 2630 1262 2678 non
1277 2616 1371 2677 esset
1380 2611 1475 2694 juris·

367 2719 475 2785 dictio
490 2719 569 2784 veri
583 2720 736 2784 nominis
754 2723 791 2784 et
808 2720 954 2802 proprie
975 2720 1072 2801 talis,
1092 2719 1187 2802 quod
1205 2719 1350 2803 quidem
1366 2735 1474 2802 super·
1505 2773 1506 2804 Ξ

367 2845 582 2908 vacaneum,
601 2827 804 2892 irrisorium
823 2829 859 2890 et
877 2845 899 2890 a
912 2826 1088 2909 dignitate
1104 2843 1344 2908 personarum
1370 2830 1407 2892 et
1430 2843 1473 2891 ra·
1505 2807 1506 2820 ¹

371 2952 449 2999 rum
468 2935 800 3000 ecclesiasticarum
819 2935 961 3017 penitus
979 2935 1154 2998 absonum
1183 2933 1341 3000 videtur.

456 3041 531 3104 Hoc
549 3047 649 3105 carte
666 3041 702 3105 in
716 3045 872 3124 quatuor
888 3041 1115 3124 potissimum
1132 3039 1279 3105 casibus
1305 3041 1472 3122 continge·

366 3149 434 3212 ret:
454 3145 481 3224 ¹¹)
495 3147 638 3228 quando
657 3146 884 3211 consecratio
903 3147 1215 3212 confirmationem
1232 3147 1294 3212 vel
1324 3147 1470 3230 designa·

366 3253 500 3316 tionem
514 3253 689 3318 dioecesis
704 3253 956 3335 praecederet,
974 3254 1071 3337 quia,
1093 3271 1173 3318 cum
1199 3253 1402 3335 jnrisdictio
1430 3267 1472 3316 se·
1504 3297 1505 3302 η

366 3359 521 3424 cundum
528 3359 587 3440 Jus
600 3360 815 3425 canonicum
829 3365 865 3424 et
876 3360 1098 3425 catholicam
1112 3359 1318 3426 doctrinam
1329 3378 1392 3444 per
1404 3377 1470 3424 con·

366 3469 606 3534 firmationem
623 3469 731 3533 electi
749 3476 812 3533 aut
825 3469 902 3550 ejus
917 3468 1276 3552 praeconizationem
1293 3470 1329 3535 in
1346 3468 1471 3553 publico

365 3575 549 3642 Pontificio
567 3573 788 3640 Consistorio
806 3575 1032 3658 adquiratur,
1052 3577 1089 3640 in
1117 3578 1392 3642 consecratione
1408 3582 1470 3639 tan·

366 3689 440 3748 tum
454 3683 681 3748 conferretur
694 3681 898 3764 jurisdictio
916 3683 953 3746 iu
982 3682 1176 3748 dioecesim
1209 3683 1469 3767 designandam,

367 3789 553 3872 siquando
572 3789 833 3870 designabitur;
852 3789 936 3852 hine
954 3793 1050 3854 esset
1066 3789 1211 3856 interim
1242 3789 1281 3855 in
1313 3803 1469 3874 suspenso

367 3915 430 3962 seu
448 3897 613 3980 nequiret
631 3896 796 3960 exerceri
814 3913 859 3960 ex
878 3897 1022 3962 deiectu
1041 3897 1199 3978 termini,
1216 3897 1312 3964 sieut
1329 3902 1469 3982 potestas
1503 3871 1504 3938 l

368 4003 644 4068 sacramentalis
672 4001 944 4084 poenitentialis
974 4004 1011 4067 in
1043 4002 1263 4086 Presbytero
1306 4004 1470 4070 confertur

368 4109 512 4192 quidem
529 4111 564 4174 in
581 4111 660 4192 ipsa
678 4109 918 4194 ordinatione,
939 4111 1003 4176 sed
1021 4130 1065 4176 ex
1095 4110 1240 4176 deiectu
1269 4108 1468 4194 jurisdictio-

367 4216 422 4280 nis
439 4235 510 4280 non
528 4215 637 4280 habet
651 4217 812 4281 subditos
845 4219 882 4282 in
916 4233 1009 4301 quos
1038 4223 1268 4284 exerceatur:
1288 4215 1314 4298 ¹³)
1343 4213 1469 4302 quando

368 4323 548 4386 Romanus
565 4321 734 4387 Pontifex
751 4323 970 4406 Episcopum
994 4326 1248 4408 suspenderet,
1280 4325 1468 4390 removeret
1502 4373 1503 4398 ,
