3024 4994
1276 9 1504 149 F

813 419 989 480 ..260-

341 566 410 642 tur,
426 563 486 646 qui
504 581 524 626 a
542 562 680 628 duabus
693 563 857 646 partibus
877 562 1126 630 Cardinelium
1152 560 1450 627 concordantibus

338 667 476 734 electus
493 674 530 735 et
547 679 714 752 receptus
730 669 869 736 fnisset.
882 669 1043 736 Tandem
1060 667 1259 751 Gregorius
1276 667 1309 732 X
1344 665 1450 748 Syno-

340 773 423 841 dum
440 775 717 859 Lugdunensem
734 775 769 841 II
782 779 1014 860 convocavit,
1033 776 1094 844 ubi
1108 779 1272 842 creatum
1289 778 1344 840 est
1373 773 1450 842 Gon·

339 881 433 948 cinae
465 889 501 948 et
532 885 822 967 sapientissimae
855 885 1025 950 conditae
1058 885 1160 950 fuere
1195 883 1448 964 ordinationes,

340 1007 433 1072 quae
451 1009 473 1054 a
486 988 716 1058 ClementeV
733 992 770 1057 in
787 989 947 1058 Concilio
965 991 1163 1058 Viennensi
1197 993 1327 1073 postea
1343 989 1450 1056 sanci·

339 1101 411 1178 tae,
427 1097 611 1180 variisque
628 1097 871 1164 Romanorum
903 1097 1117 1164 Pontificum
1134 1095 1450 1162 Constitutionibus

339 1201 455 1268 denuo
475 1207 712 1288 temperatae,
732 1203 838 1270 hodle
853 1223 964 1288 super
982 1205 1052 1270 hoc
1069 1204 1383 1287 praestantissimo
1400 1221 1450 1268 ca·

338 1309 414 1390 pite
427 1309 564 1392 vigent.

431 1415 506 1482 161.
557 1417 610 1482 De
644 1419 843 1502 formapro
877 1418 1067 1502 Episcopis
1096 1417 1273 1501 eligendis
1302 1415 1448 1483 diversis

339 1523 563 1606 temporibus
578 1525 711 1588 usitata
729 1542 914 1608 perpauca
946 1525 1117 1608 dicemus,
1135 1525 1220 1608 quia
1251 1541 1332 1589 cum
1365 1523 1450 1587 hano

339 1631 589 1714 quaestionem
618 1631 820 1696 incidenter
849 1635 1125 1716 pertractemus,
1143 1631 1188 1698 ad
1217 1649 1366 1715 scopum
1395 1647 1448 1694 no·

337 1743 452 1802 strum
470 1737 736 1820 assequendum
754 1737 844 1802 satis
862 1737 932 1803 erit
950 1738 1093 1822 praxim
1107 1737 1296 1802 Ecclesiae
1307 1751 1449 1819 genera·

337 1845 407 1908 lem
426 1844 557 1908 leviter·
575 1844 805 1924 adumbrare,
832 1862 898 1927 pro
916 1844 1081 1929 pleniore
1113 1845 1166 1908 rei
1191 1843 1322 1908 notitia
1349 1843 1448 1907 lecto-

337 1966 395 2014 res
424 1949 470 2014 ed
486 1954 705 2016 tractatores
723 1949 744 2015 J
748 1951 821 2016 uris
847 1949 1000 2034 Privati,
1020 1952 1081 2034 qui
1109 1951 1189 2016 fuse
1221 1949 1266 2014 de
1284 1945 1450 2032 eiusmodi

338 2057 585 2140 disputatione
599 2063 724 2141 agunt,
739 2057 978 2124 remittentes.

427 2165 601 2248 Historia,
621 2165 809 2230 electionis
827 2163 1069 2248 Episcopelis‚
1091 2165 1363 2248 perspicuitatis
1376 2179 1446 2246 gra-

336 2272 399 2353 tia,
420 2272 455 2336 in
473 2272 653 2354 triplicem
667 2272 843 2355 epocham
858 2271 968 2336 tribui
991 2277 1125 2354 potest:
1142 2273 1212 2336 l.¹m
1233 2271 1448 2340 conciliarem
1503 2349 1504 2360 ἶ

338 2383 373 2459 (a
391 2383 505 2442 morte
523 2377 778 2462 Apostolorum
795 2379 841 2444 ad
856 2377 1047 2444 Saeculum
1061 2378 1158 2459 XII);
1190 2379 1262 2442 2⁸¹⁰
1284 2377 1447 2463 Capitate·

336 2505 407 2548 rem
422 2487 457 2566 (a
474 2486 619 2550 saeculo
636 2485 706 2550 ΧΙΙ
732 2485 779 2550 ad
808 2486 947 2550 initium
964 2487 1103 2552 saeculi
1121 2485 1234 2566 XIV);
1255 2485 1330 2550 3.⁸²²
1345 2483 1446 2548 Ponit

333 2592 449 2678 ficiam
466 2613 525 2657 sen
553 2593 836 2658 Reservationnm
870 2596 906 2674 (a
934 2592 1082 2658 saeculo
1111 2591 1198 2658 XIV
1227 2591 1275 2656 ad
1298 2595 1447 2656 nostram

337 2715 450 2780 usqne
471 2701 656 2779 aetatem).

405 2805 633 2889 1.⁸lipocha.
682 2807 768 2871 Post
781 2807 918 2872 obitum
934 2807 1205 2890 Apostolorum,
1218 2807 1280 2891 qni
1294 2807 1332 2873 vi
1348 2802 1446 2872 iacul-
1501 2829 1502 2866 r

337 2913 421 2976 tatis
435 2913 748 2978 extraordinariae
766 2931 831 2996 pro
846 2913 1012 2978 Ecclesia
1047 2914 1303 2980 constituenda
1322 2933 1345 2978 a
1360 2909 1445 2978 Obri-

336 3023 392 3082 sto
412 3025 586 3102 acceptae
604 3019 803 3102 Episcopos
820 3021 957 3102 eligere
975 3025 1084 3103 atque
1102 3021 1295 3086 instituere
1319 3021 1356 3086 in
1382 3017 1445 3082 uni-

337 3125 454 3190 versis
473 3126 570 3190 orbis
584 3127 792 3209 regionibus
822 3133 1004 3212 poterant,
1036 3129 1167 3194 electio
1197 3129 1445 3212 Episcoporum
1500 3119 1501 3207 i

336 3233 447 3296 flebat
463 3233 508 3297 ab
527 3233 715 3317 Episcopis
735 3236 938 3301 Provinciae
956 3254 1037 3301 cum
1053 3235 1159 3302 Olera
1175 3236 1362 3320 acpopulo
1375 3249 1445 3298 oon·

337 3342 500 3420 gregatim
520 3340 747 3404 confirmatio
767 3346 889 3406 autem
907 3361 928 3406 a
945 3342 1180 3428 Metropolita
1212 3344 1274 3408 vel
1291 3339 1444 3408 Exarcba

337 3449 399 3508 aut
417 3445 643 3511 Patriarcha.
664 3447 947 3516 interventionis
965 3450 1063 3517 Cleri
1078 3470 1122 3517 ac
1140 3453 1266 3536 populi
1300 3445 1443 3518 memini·

336 3567 426 3629 mus,
446 3552 530 3633 quia
547 3552 630 3618 hinc
646 3555 901 3636 requirebatur
916 3574 1087 3623 assensus
1104 3563 1140 3624 et
1154 3555 1443 3624 adsistentiaCle·

337 3656 380 3737 ri,
398 3655 466 3721 hoc
484 3663 549 3739 est,
566 3677 689 3726 eorum
707 3663 768 3744 qui
783 3665 897 3729 sacris
916 3663 1112 3731 Ordinibus
1142 3667 1309 3750 insigniti
1338 3667 1441 3743 erant,

337 3764 376 3824 ut
389 3779 489 3827 suam
505 3766 722 3831 sententiam
739 3767 914 3852 dicerent,
931 3776 967 3836 et
982 3773 1198 3855 suffragium
1213 3791 1312 3839 mere
1329 3769 1443 3839 conani·
1497 3803 1498 3806 ¹

337 3870 480 3934 tatinum
496 3871 635 3936 ferrent
653 3891 718 3954 pro
733 3874 957 3958 designando
973 3881 1121 3963 proprio
1132 3880 1299 3962 Pastore;
1313 3885 1348 3946 et
1359 3878 1443 3944 illinc

338 3975 597 4054 exquirebatur
613 3981 736 4062 populi
749 3985 994 4050 testimonium
1012 4005 1057 4051 ac
1073 3989 1300 4070 praesentia,
1320 4005 1382 4052 ceu
1393 4001 1442 4048 vo·
1496 4033 1497 4048 2

338 4083 412 4141 tum
431 4099 527 4146 mere
544 4087 817 4172 informationes,
838 4098 912 4155 tum
927 4093 973 4155 ad
984 4093 1208 4176 implendum
1223 4097 1442 4178 praeceptum

338 4181 382 4245 D.
402 4183 503 4250 Pauli
516 4200 647 4273 oportet
660 4193 871 4281 Episcopum
891 4201 1122 4267 testinnonium
1139 4203 1266 4268 bonnm
1283 4201 1397 4268 tabere
1409 4195 1442 4260 ab
1495 4247 1496 4290 3

338 4290 383 4353 iis
400 4295 457 4374 qni
467 4293 557 4379 forie
574 4309 666 4380 seeni;
680 4307 754 4366 tum
773 4309 811 4368 ut
829 4308 954 4388 optimi
969 4312 1005 4372 et
1024 4309 1136 4392 vulgo
1152 4310 1301 4393 probati
1315 4303 1440 4378 Antisti·
