3034 4990
781 381 956 472 „344ss

309 556 448 622 viribus
467 573 643 640 aggressa
656 560 741 622 sunt
764 561 800 622 et
831 555 981 622 mirilico
1005 556 1240 639 perfecerunt
1271 555 1438 639 plurima

310 661 474 728 Concilio
492 663 538 728 ab
555 663 705 728 exordio
718 662 858 728 saeculi
874 663 924 728 IV
940 662 1077 743 habita,
1103 661 1322 745 praesertim
1340 679 1434 726 vero

310 774 466 852 quatuor
483 769 607 853 priora
631 774 668 834 et
685 769 974 834 celebratissima
990 767 1154 834 Concilio
1187 765 1437 833 Occumenica

310 875 523 959 Nicaenum,
542 873 997 960 Constantinopolitanum,
1026 873 1248 959 Ephesinum
1273 879 1309 939 et
1323 873 1434 939 Ohal-

311 982 528 1070 oqdonense,
547 987 584 1048 et
599 983 787 1049 notissima
801 981 964 1048 Oonoilia
995 980 1167 1064 Orientis,
1192 981 1437 1064 particularia

310 1087 376 1152 sed
389 1089 522 1172 ubique
538 1095 701 1172 recepta,
721 1088 949 1172 Gangrenso,
965 1089 1224 1172 Laodiceam,
1239 1088 1434 1152 Antioche·

311 1213 409 1278 num,
428 1195 747 1262 Neocaesareense
764 1201 800 1262 ot
816 1199 1063 1279 ancyranum.

400 1302 532 1368 Aetate
548 1303 675 1385 media,
690 1304 767 1385 Jam
784 1303 913 1386 incipit
928 1303 1101 1368 restrictio
1115 1301 1251 1383 Jurium
1264 1299 1365 1364 velut
1376 1317 1433 1362 aa·

312 1407 421 1491 quela
436 1409 646 1475 necessaria
674 1409 902 1498 auctoritatis
920 1409 1093 1474 centralis
1112 1415 1149 1472 et
1175 1407 1354 1472 Pontifloii
1381 1406 1433 1470 in-

312 1515 442 1599 fluxus,
461 1517 522 1599 qui
539 1517 672 1600 ubique
705 1521 853 1581 notatur
870 1520 980 1600 atque
998 1518 1191 1580 exercetur
1220 1531 1287 1597 per
1316 1529 1433 1578 novas

313 1623 583 1688 ecclesiasticas
599 1623 856 1706 institutiones,
875 1623 1055 1705 nimirum,
1083 1622 1250 1687 Vicarios
1281 1621 1432 1703 Aposto-

313 1728 416 1810 lioos,
435 1727 593 1810 Legatos
610 1738 709 1796 actos
741 1747 806 1794 seu
838 1729 1029 1810 Primates,
1062 1727 1220 1810 Legatos
1248 1728 1371 1792 micros
1398 1730 1433 1788 et

312 1831 465 1899 Nuntios
472 1844 731 1920 permanentes.

403 1940 570 2026 Denique
587 1948 710 2008 aetate
726 1965 828 2025 aooo,
855 1943 1066 2008 verificatur
1083 1944 1257 2009 revocatio
1280 1959 1343 2007 seu
1360 1961 1432 2006 cao·

313 2047 490 2116 troiizatio
499 2050 635 2131 jnrium
649 2050 685 2114 vi
699 2052 984 2132 reservationem,
1000 2065 1094 2132 quae
1119 2066 1141 2113 a
1169 2047 1367 2113 Benedicto
1383 2045 1432 2110 XI

314 2155 461 2220 saeculo
475 2155 561 2222 XIV
577 2157 652 2241 (an.
688 2157 787 2238 1304)
804 2156 994 2240 incipiunt,
1025 2155 1133 2220 etad
1164 2160 1291 2220 nostra
1323 2169 1431 2236 usque

313 2265 480 2344 tempora
497 2263 728 2345 perveniunt.

403 2368 480 2432 215.
529 2369 801 2434 HistoriaJuris
814 2367 953 2434 Publici
965 2367 1115 2434 Eaterai
1127 2367 1317 2432 commode
1326 2366 1430 2431 etiam

191 2549 193 2554 ,
314 2473 353 2536 in
370 2477 443 2538 tres
460 2474 630 2557 periodos
662 2475 833 2558 distingui
862 2475 968 2554 solet,
1000 2475 1192 2558 antiquom,
1223 2474 1372 2540 madiam
1398 2475 1431 2534 et

314 2581 553 2662 novissimam,-
572 2584 609 2645 et
626 2597 866 2665 unaquaeque
893 2579 1064 2663 periodus
1096 2580 1135 2644 in
1164 2579 1256 2644 duas
1280 2579 1431 2662 epochas

315 2683 545 2768 dispescitur.

405 2791 528 2857 Primo
544 2791 715 2875 periodus
732 2791 988 2876 complectitur
1001 2793 1179 2876 epocham
1197 2790 1428 2877 oppositionis,

316 2913 411 2978 quae
424 2897 509 2980 paci
534 2897 730 2979 antecedit,
761 2902 872 2981 atque
900 2897 1079 2981 epocham
1102 2897 1320 2978 corcordiae,
1345 2909 1431 2978 quae

316 3019 446 3084 paoem
477 3001 784 3068 mediolanensem
810 3005 1056 3088 subsequitur.
1075 3003 1118 3068 In
1136 3004 1279 3088 epocha
1305 3000 1431 3087 opposi-

318 3109 435 3191 tionis,
452 3109 506 3172 ita
522 3109 620 3174 diota
634 3127 680 3174 ex
699 3127 741 3174 eo
760 3109 855 3192 quod
872 3114 1017 3175 mutuus
1034 3127 1151 3175 nexus
1175 3109 1272 3174 inter
1288 3109 1431 3174 societa-

316 3221 390 3278 tem
404 3215 614 3296 religiosam
629 3220 665 3280 et
691 3217 838 3282 civilem
855 3235 877 3280 a
909 3216 987 3282 Deo
1005 3216 1166 3280 intentus
1198 3220 1309 3297 atque
1336 3228 1431 3297 prae·

317 3320 474 3402 scriptur
507 3321 606 3386 nullo
641 3329 749 3404 pacto
767 3323 999 3388 intercedere
1027 3322 1159 3405 potuit,
1189 3322 1311 3386 elucet
1339 3319 1432 3386 velut

317 3428 537 3510 praecipuus
556 3429 748 3495 character
775 3429 995 3513 persecutio,
1015 3429 1206 3512 quaesere
1237 3427 1432 3492 indesinen-

318 3539 387 3613 ter,
403 3532 523 3598 deoies
541 3549 630 3598 vero
648 3535 769 3599 acrius
785 3535 924 3599 exarsit
941 3553 964 3599 a
976 3533 1121 3600 Nerone
1141 3552 1257 3618 usquo
1290 3533 1336 3598 ad
1353 3531 1432 3598 con·

319 3640 529 3704 staminum:
550 3645 775 3723 compertum
791 3659 948 3724 namque
965 3647 1021 3706 est
1037 3641 1258 3724 Ecclesiam,
1277 3637 1434 3724 quamvis

319 3744 483 3810 omnibus
494 3746 637 3828 juribus
655 3747 823 3812 societati
836 3748 1023 3830 legitimae
1040 3749 1338 3831 competentibus
1368 3743 1433 3829 pol·

318 3849 395 3914 lere
408 3850 577 3934 debebat,
592 3857 669 3918 tum
686 3853 829 3918 ratione
847 3854 995 3919 divinae
1011 3855 1266 3934 institutionis,
1281 3857 1435 3937 utpotae

320 3951 462 4020 Christo
495 3956 650 4023 Domino
678 3959 836 4042 condita,
865 3965 941 4024 tum
964 3961 1047 4044 lego
1076 3962 1240 4026 mosaica
1279 3961 1436 4044 spectata

319 4055 487 4126 Moesiam
505 4066 542 4127 et
572 4063 776 4131 Ecclesiam
793 4067 1079 4149 praefigurante,
1097 4071 1174 4132 tum
1191 4067 1337 4133 demum
1364 4066 1436 4148 ipsa

319 4161 550 4243 legislatione
576 4187 727 4235 romana
745 4175 898 4254 attenta,
918 4191 1013 4256 quae
1037 4173 1206 4241 diversos
1224 4175 1344 4239 cultus
1359 4171 1438 4238 tolo·

320 4266 440 4350 rabat,
456 4270 535 4336 sive
547 4291 569 4336 a
583 4273 605 4338 J
608 4275 748 4358 udaeis,
767 4276 846 4344 sive
865 4295 886 4342 a
910 4278 1097 4364 Romanis,
1113 4279 1195 4345 sire
1223 4297 1247 4343 a
1275 4275 1438 4344 Barbaria
