3146 4980
821 429 855 440 -
880 395 999 454 394-

345 537 497 616 litlcum,
511 537 658 620 bonum,
682 538 782 604 licite
805 537 1060 621 profitendum,
1082 538 1142 602 vei
1166 536 1297 601 saltatu
1313 539 1353 599 ut
1377 535 1462 600 libe-

345 661 425 708 ram
440 645 647 726 opinionem
662 645 904 724 tolerandum
919 643 983 709 sed
995 643 1272 708 Liberalismum
1286 643 1332 707 ab
1345 641 1462 706 Eccle-

344 751 400 814 sia
418 751 613 815 recentiori
631 757 753 815 aetate
769 751 1011 833 proscriptum
1025 751 1330 815 essentialiterseu
1348 747 1463 830 quoad

340 875 443 921 suum
461 879 532 922 usae
549 859 824 922 constitutivum
857 875 965 922 uuum
981 856 1149 939 idemque
1166 861 1371 938 spectatum
1400 855 1455 934 iri,

345 963 439 1028 adeo
454 970 493 1028 ut
511 965 664 1046 quilibet
677 964 1052 1044 liberaliemus,etiam
1069 963 1237 1028 minimus
1249 961 1394 1043 gradus,
1404 960 1461 1042 qui

347 1086 481 1150 magua
499 1071 789 1135 contradictione
806 1070 994 1136 catholicus
1026 1068 1206 1148 subaudit,
1223 1067 1283 1131 ubi
1297 1067 1459 1150 imperat,

345 1181 439 1240 teste
452 1176 618 1240 luctuosa
628 1176 870 1260 experientia,
882 1177 1063 1258 principia
1075 1174 1306 1240 Liberalismi
1322 1172 1460 1237 damna·

343 1287 384 1346 ta
407 1283 579 1364 admittit,
599 1291 709 1366 atque
740 1285 777 1348 in
809 1283 916 1366 praxi
939 1299 1005 1364 pro
1030 1281 1178 1364 publica
1204 1280 1461 1363 gubernatione

344 1389 471 1454 eadem
495 1391 658 1473 sequitui
675 1396 886 1472 servatque,
915 1389 1003 1453 licet
1033 1388 1187 1468 adjectis
1214 1384 1459 1452 nonnullisre·

346 1497 594 1560 strictionibus
614 1513 705 1579 pure
720 1495 1020 1561 accidentalibus.

436 1601 514 1666 254.
564 1603 879 1689 Manifestationea.
909 1601 965 1666 De
995 1617 1192 1684 progressu
1208 1605 1245 1664 et
1260 1598 1460 1664 evolutione

351 1707 581 1773 Liberalismi
599 1725 785 1792 perpauca
802 1709 1003 1791 loquemur,
1023 1705 1315 1790 quandoquidem
1341 1721 1399 1770 res
1426 1721 1458 1767 o·

350 1815 473 1877 mnino
487 1814 681 1895 explorata
693 1823 750 1878 est
762 1814 991 1896 maximeque
1004 1813 1163 1896 lugenda
1190 1820 1339 1878 cunctas
1357 1811 1457 1876 Euro-

349 1936 420 2001 pae
434 1917 664 1986 Christianae
677 1922 845 1986 nationes
857 1928 894 1987 et
907 1923 1097 1987 universas
1110 1921 1302 1986 Americae
1314 1919 1457 1985 Latinae

348 2027 519 2110 regiones
536 2027 619 2093 labe
646 2029 791 2094 liberali
807 2045 888 2094 esse
905 2029 1060 2094 iniectas
1076 2034 1114 2091 et
1130 2044 1244 2110 usque
1261 2026 1456 2091 advincere

342 2132 580 2214 depravatas.

434 2239 480 2304 Et
505 2257 545 2304 re
559 2240 702 2322 quidem
721 2257 824 2322 vera,
843 2241 984 2323 quoties
998 2239 1228 2322 tyrannicum
1245 2239 1453 2304 dominatum

350 2349 461 2428 atque
472 2347 682 2426 generalem
697 2345 936 2430 rapidumque
947 2347 1053 2426 buJus
1065 2347 1276 2427 systematis
1288 2359 1450 2428 propaga·

349 2451 483 2515 tionem
501 2452 692 2533 cernimus,
706 2453 775 2516 boc
791 2453 1093 2518 ominosiseimum
1118 2453 1256 2516 iactum
1268 2451 1453 2516 obseruare

346 2557 548 2638 nequimus,
568 2558 653 2640 quin
670 2564 800 2640 sponte
817 2559 1085 2623 meminerimus
1113 2557 1210 2622 illius
1234 2558 1351 2638 effati,
1369 2553 1452 2640 quod

346 2663 525 2729 Maximus
543 2663 681 2729 Ductor
709 2663 744 2729 S.
775 2665 1017 2748 Hieronymus
1049 2666 1243 2731 occasione
1270 2662 1451 2730 Arianismi

343 2771 496 2853 protulit
512 2772 549 2835 in
566 2769 722 2853 Dialogo
740 2779 869 2836 contra
885 2771 1149 2838 Luciferlanos:
1185 2779 1276 2838 totas
1301 2769 1452 2857 inperauit

346 2879 451 2956 orbis,
472 2885 504 2942 et
516 2899 551 2943 ae
567 2877 741 2942 Artenam
756 2898 828 2942 aare
845 2879 993 2944 miratus
1019 2885 1083 2959 aad·
1100 2877 1207 2942 hodie
1235 2878 1346 2942 etiam
1362 2889 1451 2941 occe·

345 2983 449 3048 sione
461 2983 692 3048 Liberalismi
708 2984 920 3051 exclamare
937 3001 1136 3066 possemus:
1158 2983 1275 3048 “totus
1291 2980 1452 3066 ingemuit

347 3089 458 3166 orbis,
479 3095 571 3154 etse
588 3090 782 3156 Liberalem
799 3108 879 3156 esse
911 3091 1063 3156 miratus
1087 3095 1177 3174 est,.
1207 3089 1389 3172 Ejusmodi
1404 3104 1451 3151 as·

344 3195 457 3258 sertio
475 3211 546 3259 non
565 3203 620 3260 est
648 3197 767 3262 inanis
783 3197 986 3279 paradoxa,
1018 3213 1118 3262 vana
1149 3197 1366 3262 declamatio
1396 3199 1450 3259 aut

346 3317 483 3366 merum
502 3303 779 3385 praejudicium
794 3304 890 3386 quod
907 3305 1040 3369 nostris
1058 3305 1173 3369 oculis
1200 3305 1374 3384 videmus,
1390 3301 1450 3365 buc

343 3412 532 3488 testamur;
551 3409 717 3474 nationes
734 3417 771 3474 et
796 3411 932 3492 populi,
951 3427 1067 3492 regua
1095 3417 1131 3474 et
1147 3410 1381 3494 respublicae,
1395 3423 1450 3490 gu·

343 3514 471 3579 bernia
489 3522 526 3579 et
543 3515 703 3598 comitia,
723 3517 937 3599 provinciae
953 3520 990 3580 et
1007 3516 1215 3600 municipia,
1235 3517 1399 3582 civitates
1418 3515 1451 3576 et

346 3621 521 3702 familiae,
540 3622 697 3704 collegia
713 3624 747 3687 el
763 3622 963 3705 individua,
988 3623 1218 3706 legislatores
1231 3631 1268 3689 et
1285 3624 1449 3706 imperan-

342 3734 410 3810 tes,
429 3730 569 3794 noblles
586 3735 624 3794 et
636 3727 762 3812 plebil,
780 3731 965 3813 sepientes
982 3737 1019 3796 et
1030 3732 1161 3814 ignari,
1177 3730 1312 3796 divites
1325 3735 1361 3795 et
1375 3742 1449 3812 pau·

342 3853 461 3917 peres,
480 3836 688 3919 superiores
705 3841 742 3901 et
756 3836 904 3919 subditi,
923 3838 1068 3920 patroni
1091 3843 1129 3902 et
1144 3838 1317 3921 operarii,
1337 3847 1447 3902 omnes

343 3941 483 4008 viribus
514 3942 719 4008 adinvicem
749 3943 893 4008 collatis
920 3951 958 4008 et
984 3943 1165 4009 communi
1191 3943 1449 4028 conspiratione

341 4046 443 4128 inita,
463 4053 608 4113 vastam
625 4049 906 4115 associationem
924 4049 1052 4132 spiritu
1069 4049 1215 4116 liberali
1230 4051 1449 4116 informatam

342 4153 462 4218 ubivis
475 4157 638 4236 gentium
654 4155 891 4220 constituunt.
1425 4221 1428 4228 .

339 4331 346 4346 ,
430 4259 589 4345 Utinam,
602 4261 860 4345 divinagratia
876 4261 1091 4347 opitulante,
1110 4262 1235 4346 plures
1250 4265 1314 4347 qui
1340 4259 1447 4327 adbuc
