3024 4994
515 445 561 488 -'
576 439 635 500 215
655 473 693 488 -

124 585 193 669 Age
201 585 290 668 jam,
305 603 386 652 cum
401 603 447 654 ex
460 585 787 653 dictisiacultatem
802 583 1039 651 coercitlvam
1057 579 1165 650 etiarn

71 691 222 758 inordina
234 693 429 776 temporali
442 677 598 759 saeculis
612 693 791 759 anteactis
804 692 971 758 Ecclesia
985 691 1166 758 exercuis-

70 805 122 878 sat,
135 799 190 864 vel
208 799 399 866 dicendum
412 805 467 866 est
484 801 687 866 Ecclesiam
703 800 949 865 universalem
962 817 1027 864 seu
1044 816 1168 883 supre-

69 921 144 969 nam
161 908 415 971 auctoritatem
433 923 577 973 errasse
591 908 660 972 sibi
674 906 895 972 vindicando
905 907 965 987 J'us
980 924 1050 989 quo
1067 923 1166 970 care-

69 1009 501 1094 bat,vclEcclesiamsua
529 1014 661 1098 agendi
694 1014 836 1079 ratione
865 1014 916 1077 ita
949 1017 1168 1096 potestatem

68 1117 249 1197 punitivam
266 1118 545 1201 interpretatam
560 1138 654 1204 esse,
670 1127 708 1186 ut
728 1121 859 1186 saltem
888 1119 935 1186 ad
966 1121 1168 1185 recensitas

69 1240 185 1304 poenas
201 1243 282 1291 sese
296 1227 485 1310 porrigere
501 1232 637 1310 posset.

139 1330 188 1396 3.⁰
233 1332 321 1416 Ipsa
337 1335 428 1399 ratio
444 1334 623 1399 naturalis
658 1335 788 1417 cuique
819 1333 948 1399 suadet
981 1333 1169 1398 Ecclesiae

70 1453 132 1502 esse
148 1437 381 1504 deferendum
395 1440 455 1522 jus
472 1458 611 1523 poenas
625 1441 846 1524 temporales
874 1439 1069 1520 indicendi;
1097 1443 1169 1504 ete·

70 1547 127 1609 nim
142 1547 391 1612 ecclesiastica
408 1565 527 1630 poena
544 1552 728 1631 tamquam
745 1565 895 1631 scopum
924 1547 1112 1630 proprium
1125 1546 1169 1610 si-

70 1651 98 1716 bi
111 1655 274 1738 proponit
291 1658 327 1720 et
343 1655 595 1738 delinquentes
612 1673 678 1738 per
711 1655 939 1738 punitionem
972 1655 1169 1736 corrigere,

71 1761 254 1826 etinsontes
271 1779 337 1845 per
354 1762 521 1827 timorem
538 1780 561 1826 a
574 1763 724 1828 crimine
742 1762 941 1844 deterrerc3
957 1779 1053 1826 nunc
1067 1777 1169 1842 vero,

71 1868 340 1932 emendationem
358 1867 522 1933 obtinent
536 1873 645 1951 atque
660 1869 866 1951 exemplum
886 1868 1042 1933 caeteris
1069 1885 1172 1951 prae·

70 1973 141 2038 bent
156 1993 224 2040 non
239 1975 356 2040 solum
372 1976 633 2059 poenitentiae,
655 1993 832 2041 censurae
852 1979 888 2040 et
901 1993 1042 2058 poenae
1075 1992 1173 2040 mere

71 2081 272 2166 spirituales,
287 2083 352 2146 sed
366 2082 544 2164 ejusmodi
560 2083 733 2148 eflectum
758 2084 956 2166 praecipue
972 2082 1173 2147 sortiuntur

70 2204 192 2268 poenae
208 2190 442 2272 temporales,
462 2189 547 2272 quia
564 2191 710 2272 saepius
743 2189 970 2254 efficaciores
1003 2193 1095 2270 sunt,
1130 2205 1172 2252 eo
1203 2189 1205 2194 '

71 2295 242 2379 ipsoqubd
270 2297 478 2361 criminales
507 2297 714 2379 spiritualia
732 2300 967 2361 contemnere
999 2296 1171 2378 audeant,

71 2410 205 2468 externa
220 2421 325 2487 vero,
340 2403 529 2468 sensibilia
546 2411 582 2467 et
599 2403 830 2486 temporalia,
862 2404 1020 2468 maxime
1037 2403 1068 2468 si
1097 2420 1173 2467 cor-

71 2527 125 2592 pus
140 2512 314 2596 affligant,
330 2513 588 2594 pertimescere
605 2515 641 2575 et
657 2511 794 2575 sentire
811 2511 964 2575 soleant.

145 2619 218 2684 130.
268 2617 439 2699 Queritur
452 2619 506 2682 29
523 2622 641 2684 utrnm
660 2618 827 2682 Ecclesia
841 2636 979 2700 poenas
994 2621 1173 2701 tempora-

72 2723 201 2808 lesjure
218 2715 368 2810 proprio
403 2727 646 2792 constituerit.
679 2725 912 2809 Febroniani,
943 2723 1175 2789 Jansenistae

72 2841 100 2895 et
113 2833 349 2918 Caesaristaa,
366 2851 447 2899 cum
463 2835 611 2898 infitiari
629 2837 814 2916 nequeant
837 2833 1039 2898 Ecclesiam
1069 2849 1091 2895 a
1122 2849 1175 2895 re-

72 2943 253 3008 motissima
270 2947 392 3007 aetate
409 2959 547 3024 poenas
566 2940 786 3024 temporales
818 2939 995 3020 intulisse,
1030 2938 1176 3002 effutire

73 3049 135 3112 ausi
147 3055 228 3115 sunt
246 3049 534 3116 excoucessione
548 3053 611 3113 aut
623 3047 830 3130 Principum
839 3045 1096 3112 benevolentia
1108 3044 1177 3109 hoc

73 3158 294 3240 praestitisse,
309 3157 455 3222 minime
471 3162 591 3221 autem
624 3155 800 3220 facultate
818 3155 928 3218 insita
946 3157 982 3218 et
1013 3151 1174 3236 propria.

145 3266 300 3330 Falsitas
318 3266 424 3346 huJ'us
451 3264 681 3346 assertionis,
696 3263 870 3346 potestati
904 3259 1178 3325 ecclesiasticae

74 3369 166 3450 plane
182 3373 380 3456 injuriosae
398 3375 434 3437 et
455 3391 477 3436 a
493 3371 698 3436 testimonio
718 3369 891 3434 historico
910 3385 1060 3450 prorsus
1093 3365 1178 3429 alie·

74 3494 142 3564 nae,
159 3483 245 3547 satis
259 3484 380 3548 elucet
396 3485 564 3565 spectata
578 3479 765 3544 essentiali
778 3483 911 3542 natura
926 3479 1036 3559 atque
1065 3472 1178 3556 expli·

75 3591 134 3656 cita
149 3594 258 3678 ipsius
276 3593 464 3659 Ecclesiae
489 3591 669 3656 doctrina:
689 3588 717 3668 ³)
747 3586 933 3670 quaelibet
950 3583 1108 3648 humana
1124 3599 1178 3646 so·

75 3697 186 3783 cistae,
204 3703 233 3765 si
250 3701 539 3784 periectaatque
564 3694 770 3779 inaequalis
803 3694 861 3774 sit,
885 3693 993 3774 juxta
1021 3689 1179 3753 omnium

76 3817 271 3871 consensum
287 3808 369 3889 jure
383 3805 509 3870 nativo
526 3802 641 3887 pollet
658 3801 777 3866 socios
794 3800 841 3863 ad
859 3799 938 3862 linis
957 3794 1179 3863 consecutio·

77 3927 144 3978 nem
159 3913 324 3998 cogendi,
356 3918 663 3993 contumacesque
681 3909 790 3974 etiarn
819 3905 947 3989 poenis
972 3900 1179 3986 temporali-

77 4015 130 4082 bus
146 4021 313 4086 adhibitis
330 4019 535 4099 coercendi;
555 4016 618 4082 sed
643 4015 809 4080 Ecclesia
842 4031 888 4078 ex
924 4009 1179 4076 demonstratis

78 4131 123 4190 est
137 4129 287 4194 societas
299 4127 456 4211 juridice
474 4127 651 4209 perfecta,
681 4121 885 4204 inaequalis
920 4122 1029 4200 atque
1057 4132 1182 4198 supre-

78 4248 138 4316 ma;
153 4236 258 4320 igitur
270 4237 341 4321 ipsi
359 4235 532 4318 competit
549 4251 641 4299 vera
658 4235 695 4296 et
722 4229 872 4314 propria
902 4229 1065 4310 potestas
1099 4239 1182 4306 poe·

80 4353 133 4405 nus
147 4344 361 4429 temporales
379 4341 611 4423 decernendi,
630 4343 681 4422 ut,
715 4355 796 4402 cum
827 4333 946 4400 media
974 4328 1180 4415 spiritualia
