<?xml version="1.0" encoding="UTF-8"?>
<!DOCTYPE html PUBLIC "-//W3C//DTD XHTML 1.0 Transitional//EN"
    "http://www.w3.org/TR/xhtml1/DTD/xhtml1-transitional.dtd">
<html xmlns="http://www.w3.org/1999/xhtml" xml:lang="en" lang="en">
 <head>
  <title>
</title>
<meta http-equiv="Content-Type" content="text/html;charset=utf-8" />
  <meta name='ocr-system' content='tesseract 3.04.00' />
  <meta name='ocr-capabilities' content='ocr_page ocr_carea ocr_par ocr_line ocrx_word'/>
</head>
<body>
  <div class='ocr_page' id='page_1' title='image "./juspublicumeccl01ferngoog_0062.png"; bbox 0 0 3120 4988; ppageno 0'>
   <div class='ocr_carea' id='block_1_1' title="bbox 560 391 717 448">
    <p class='ocr_par' dir='ltr' id='par_1_1' title="bbox 560 391 717 448">
     <span class='ocr_line' id='line_1_1' title="bbox 560 391 717 448; baseline -0.089 4"><span class='ocrx_word' id='word_1_1' title='bbox 560 391 717 448; x_wconf 78' lang='lat' dir='ltr'>-ts..</span> 
     </span>
    </p>
   </div>
   <div class='ocr_carea' id='block_1_2' title="bbox 86 535 1206 4164">
    <p class='ocr_par' dir='ltr' id='par_1_2' title="bbox 88 535 1203 2308">
     <span class='ocr_line' id='line_1_2' title="bbox 88 535 1198 618; baseline 0.002 -19"><span class='ocrx_word' id='word_1_2' title='bbox 88 539 268 618; x_wconf 82' lang='lat' dir='ltr'>pineique</span> <span class='ocrx_word' id='word_1_3' title='bbox 285 535 322 600; x_wconf 93' lang='lat' dir='ltr'>in</span> <span class='ocrx_word' id='word_1_4' title='bbox 340 552 449 600; x_wconf 87' lang='lat' dir='ltr'>sensu</span> <span class='ocrx_word' id='word_1_5' title='bbox 468 536 578 600; x_wconf 91' lang='lat' dir='ltr'>etiam</span> <span class='ocrx_word' id='word_1_6' title='bbox 604 553 702 600; x_wconf 90' lang='lat' dir='ltr'>mere</span> <span class='ocrx_word' id='word_1_7' title='bbox 720 535 989 618; x_wconf 81' lang='lat' dir='ltr'>grammaticali</span> <span class='ocrx_word' id='word_1_8' title='bbox 1006 535 1198 601; x_wconf 77' lang='lat' dir='ltr'>formulam</span> 
     </span>
     <span class='ocr_line' id='line_1_3' title="bbox 89 641 1201 726; baseline 0.004 -22"><span class='ocrx_word' id='word_1_9' title='bbox 89 641 321 726; x_wconf 81' lang='lat' dir='ltr'>adaequatam</span> <span class='ocrx_word' id='word_1_10' title='bbox 345 644 537 725; x_wconf 89' lang='lat' dir='ltr'>potestatis</span> <span class='ocrx_word' id='word_1_11' title='bbox 563 644 706 707; x_wconf 91' lang='lat' dir='ltr'>omnino</span> <span class='ocrx_word' id='word_1_12' title='bbox 727 643 987 726; x_wconf 83' lang='lat' dir='ltr'>amplissimae,</span> <span class='ocrx_word' id='word_1_13' title='bbox 1008 643 1201 726; x_wconf 83' lang='lat' dir='ltr'>omniaque</span> 
     </span>
     <span class='ocr_line' id='line_1_4' title="bbox 89 748 1200 832; baseline 0.002 -20"><span class='ocrx_word' id='word_1_14' title='bbox 89 749 197 812; x_wconf 86' lang='lat' dir='ltr'>media</span> <span class='ocrx_word' id='word_1_15' title='bbox 211 749 256 814; x_wconf 90' lang='lat' dir='ltr'>ad</span> <span class='ocrx_word' id='word_1_16' title='bbox 270 749 377 813; x_wconf 88' lang='lat' dir='ltr'>finem</span> <span class='ocrx_word' id='word_1_17' title='bbox 391 748 656 832; x_wconf 87' lang='lat' dir='ltr'>assequendum</span> <span class='ocrx_word' id='word_1_18' title='bbox 670 749 879 813; x_wconf 86' lang='lat' dir='ltr'>necessaria</span> <span class='ocrx_word' id='word_1_19' title='bbox 893 749 1093 814; x_wconf 90' lang='lat' dir='ltr'>certissime</span> <span class='ocrx_word' id='word_1_20' title='bbox 1108 769 1200 814; x_wconf 92' lang='lat' dir='ltr'>com-</span> 
     </span>
     <span class='ocr_line' id='line_1_5' title="bbox 89 855 1202 941; baseline 0.003 -23"><span class='ocrx_word' id='word_1_21' title='bbox 89 855 257 938; x_wconf 83' lang='lat' dir='ltr'>plectens;</span> <span class='ocrx_word' id='word_1_22' title='bbox 276 855 435 937; x_wconf 85' lang='lat' dir='ltr'>tertium,</span> <span class='ocrx_word' id='word_1_23' title='bbox 454 857 668 941; x_wconf 83' lang='lat' dir='ltr'>suprematia</span> <span class='ocrx_word' id='word_1_24' title='bbox 698 860 735 920; x_wconf 87' lang='lat' dir='ltr'>et</span> <span class='ocrx_word' id='word_1_25' title='bbox 750 855 918 919; x_wconf 86' lang='lat' dir='ltr'>absoluta</span> <span class='ocrx_word' id='word_1_26' title='bbox 934 855 1202 940; x_wconf 83' lang='lat' dir='ltr'>indepeadcniia</span> 
     </span>
     <span class='ocr_line' id='line_1_6' title="bbox 89 961 1200 1043; baseline 0.001 -18"><span class='ocrx_word' id='word_1_27' title='bbox 89 963 270 1043; x_wconf 88' lang='lat' dir='ltr'>potestatis</span> <span class='ocrx_word' id='word_1_28' title='bbox 289 980 310 1025; x_wconf 89' lang='lat' dir='ltr'>a</span> <span class='ocrx_word' id='word_1_29' title='bbox 335 961 478 1028; x_wconf 84' lang='lat' dir='ltr'>Christo</span> <span class='ocrx_word' id='word_1_30' title='bbox 496 961 651 1028; x_wconf 89' lang='lat' dir='ltr'>Domino</span> <span class='ocrx_word' id='word_1_31' title='bbox 669 962 827 1026; x_wconf 87' lang='lat' dir='ltr'>collatae</span> <span class='ocrx_word' id='word_1_32' title='bbox 845 979 891 1026; x_wconf 87' lang='lat' dir='ltr'>ex</span> <span class='ocrx_word' id='word_1_33' title='bbox 920 961 991 1026; x_wconf 89' lang='lat' dir='ltr'>illis</span> <span class='ocrx_word' id='word_1_34' title='bbox 1017 962 1200 1026; x_wconf 90' lang='lat' dir='ltr'>commati-</span> 
     </span>
     <span class='ocr_line' id='line_1_7' title="bbox 90 1068 1201 1153; baseline 0.003 -23"><span class='ocrx_word' id='word_1_35' title='bbox 90 1069 147 1131; x_wconf 87' lang='lat' dir='ltr'>bus</span> <span class='ocrx_word' id='word_1_36' title='bbox 164 1068 363 1134; x_wconf 89' lang='lat' dir='ltr'>clarissime</span> <span class='ocrx_word' id='word_1_37' title='bbox 381 1068 536 1133; x_wconf 88' lang='lat' dir='ltr'>deducta</span> <span class='ocrx_word' id='word_1_38' title='bbox 553 1069 620 1134; x_wconf 84' lang='lat' dir='ltr'>erit</span> <span class='ocrx_word' id='word_1_39' title='bbox 636 1069 780 1153; x_wconf 82' lang='lat' dir='ltr'>lipatam</span> <span class='ocrx_word' id='word_1_40' title='bbox 798 1076 828 1133; x_wconf 79' lang='lat' dir='ltr'>et</span> <span class='ocrx_word' id='word_1_41' title='bbox 846 1069 883 1132; x_wconf 83' lang='lat' dir='ltr'>io</span> <span class='ocrx_word' id='word_1_42' title='bbox 900 1069 1013 1150; x_wconf 77' lang='lat' dir='ltr'>coetis,</span> <span class='ocrx_word' id='word_1_43' title='bbox 1031 1070 1097 1134; x_wconf 83' lang='lat' dir='ltr'>erit</span> <span class='ocrx_word' id='word_1_44' title='bbox 1111 1069 1201 1134; x_wconf 84' lang='lat' dir='ltr'>sola-</span> 
     </span>
     <span class='ocr_line' id='line_1_8' title="bbox 91 1174 1202 1260; baseline 0.004 -25"><span class='ocrx_word' id='word_1_45' title='bbox 91 1180 152 1236; x_wconf 84' lang='lat' dir='ltr'>tum</span> <span class='ocrx_word' id='word_1_46' title='bbox 168 1181 199 1237; x_wconf 85' lang='lat' dir='ltr'>ei</span> <span class='ocrx_word' id='word_1_47' title='bbox 215 1174 251 1238; x_wconf 85' lang='lat' dir='ltr'>ia</span> <span class='ocrx_word' id='word_1_48' title='bbox 268 1174 381 1256; x_wconf 83' lang='lat' dir='ltr'>coelia,</span> <span class='ocrx_word' id='word_1_49' title='bbox 399 1174 459 1238; x_wconf 85' lang='lat' dir='ltr'>vul</span> <span class='ocrx_word' id='word_1_50' title='bbox 477 1185 575 1239; x_wconf 83' lang='lat' dir='ltr'>cruat</span> <span class='ocrx_word' id='word_1_51' title='bbox 593 1175 702 1260; x_wconf 82' lang='lat' dir='ltr'>iipata</span> <span class='ocrx_word' id='word_1_52' title='bbox 735 1182 767 1238; x_wconf 86' lang='lat' dir='ltr'>et</span> <span class='ocrx_word' id='word_1_53' title='bbox 782 1175 819 1239; x_wconf 82' lang='lat' dir='ltr'>ia</span> <span class='ocrx_word' id='word_1_54' title='bbox 853 1175 954 1256; x_wconf 84' lang='lat' dir='ltr'>coelo,</span> <span class='ocrx_word' id='word_1_55' title='bbox 972 1183 1072 1240; x_wconf 83' lang='lat' dir='ltr'>eruat</span> <span class='ocrx_word' id='word_1_56' title='bbox 1088 1175 1202 1240; x_wconf 83' lang='lat' dir='ltr'>soluta</span> 
     </span>
     <span class='ocr_line' id='line_1_9' title="bbox 91 1279 1201 1363; baseline 0.002 -21"><span class='ocrx_word' id='word_1_57' title='bbox 91 1281 165 1343; x_wconf 79' lang='lat' dir='ltr'>etin</span> <span class='ocrx_word' id='word_1_58' title='bbox 198 1281 297 1362; x_wconf 87' lang='lat' dir='ltr'>coelo,</span> <span class='ocrx_word' id='word_1_59' title='bbox 316 1279 492 1363; x_wconf 83' lang='lat' dir='ltr'>siquidem</span> <span class='ocrx_word' id='word_1_60' title='bbox 521 1279 725 1361; x_wconf 89' lang='lat' dir='ltr'>hujusmodi</span> <span class='ocrx_word' id='word_1_61' title='bbox 743 1279 948 1362; x_wconf 84' lang='lat' dir='ltr'>evangelici</span> <span class='ocrx_word' id='word_1_62' title='bbox 966 1285 1086 1344; x_wconf 85' lang='lat' dir='ltr'>textus</span> <span class='ocrx_word' id='word_1_63' title='bbox 1115 1281 1201 1344; x_wconf 89' lang='lat' dir='ltr'>inci-</span> 
     </span>
     <span class='ocr_line' id='line_1_10' title="bbox 91 1387 1201 1471; baseline 0.004 -24"><span class='ocrx_word' id='word_1_64' title='bbox 91 1403 137 1468; x_wconf 89' lang='lat' dir='ltr'>sa,</span> <span class='ocrx_word' id='word_1_65' title='bbox 154 1403 244 1470; x_wconf 85' lang='lat' dir='ltr'>quae</span> <span class='ocrx_word' id='word_1_66' title='bbox 269 1388 306 1452; x_wconf 91' lang='lat' dir='ltr'>in</span> <span class='ocrx_word' id='word_1_67' title='bbox 323 1387 393 1452; x_wconf 89' lang='lat' dir='ltr'>bac</span> <span class='ocrx_word' id='word_1_68' title='bbox 417 1405 524 1452; x_wconf 87' lang='lat' dir='ltr'>sacra</span> <span class='ocrx_word' id='word_1_69' title='bbox 541 1392 577 1451; x_wconf 89' lang='lat' dir='ltr'>et</span> <span class='ocrx_word' id='word_1_70' title='bbox 594 1387 836 1452; x_wconf 82' lang='lat' dir='ltr'>concludente</span> <span class='ocrx_word' id='word_1_71' title='bbox 855 1387 1004 1470; x_wconf 87' lang='lat' dir='ltr'>periodo</span> <span class='ocrx_word' id='word_1_72' title='bbox 1021 1389 1201 1471; x_wconf 85' lang='lat' dir='ltr'>leguntur,</span> 
     </span>
     <span class='ocr_line' id='line_1_11' title="bbox 92 1493 1203 1576; baseline 0.004 -22"><span class='ocrx_word' id='word_1_73' title='bbox 92 1503 208 1575; x_wconf 89' lang='lat' dir='ltr'>aperte</span> <span class='ocrx_word' id='word_1_74' title='bbox 235 1494 367 1559; x_wconf 86' lang='lat' dir='ltr'>docent</span> <span class='ocrx_word' id='word_1_75' title='bbox 392 1495 489 1558; x_wconf 90' lang='lat' dir='ltr'>inter</span> <span class='ocrx_word' id='word_1_76' title='bbox 518 1499 737 1576; x_wconf 89' lang='lat' dir='ltr'>potestatem</span> <span class='ocrx_word' id='word_1_77' title='bbox 765 1493 863 1558; x_wconf 89' lang='lat' dir='ltr'>Petri</span> <span class='ocrx_word' id='word_1_78' title='bbox 881 1499 917 1556; x_wconf 88' lang='lat' dir='ltr'>ct</span> <span class='ocrx_word' id='word_1_79' title='bbox 946 1494 1203 1576; x_wconf 84' lang='lat' dir='ltr'>Apostolorum</span> 
     </span>
     <span class='ocr_line' id='line_1_12' title="bbox 92 1598 1202 1684; baseline 0.002 -22"><span class='ocrx_word' id='word_1_80' title='bbox 92 1598 269 1681; x_wconf 86' lang='lat' dir='ltr'>ligantium</span> <span class='ocrx_word' id='word_1_81' title='bbox 295 1603 356 1666; x_wconf 85' lang='lat' dir='ltr'>vel</span> <span class='ocrx_word' id='word_1_82' title='bbox 390 1603 610 1666; x_wconf 89' lang='lat' dir='ltr'>solventium</span> <span class='ocrx_word' id='word_1_83' title='bbox 634 1603 670 1666; x_wconf 94' lang='lat' dir='ltr'>in</span> <span class='ocrx_word' id='word_1_84' title='bbox 697 1603 816 1683; x_wconf 79' lang='lat' dir='ltr'>terris,</span> <span class='ocrx_word' id='word_1_85' title='bbox 843 1605 952 1684; x_wconf 90' lang='lat' dir='ltr'>atque</span> <span class='ocrx_word' id='word_1_86' title='bbox 983 1605 1202 1684; x_wconf 88' lang='lat' dir='ltr'>potestatem</span> 
     </span>
     <span class='ocr_line' id='line_1_13' title="bbox 93 1706 1201 1789; baseline 0.002 -21"><span class='ocrx_word' id='word_1_87' title='bbox 93 1706 267 1788; x_wconf 86' lang='lat' dir='ltr'>ipsiusmet</span> <span class='ocrx_word' id='word_1_88' title='bbox 281 1707 349 1772; x_wconf 89' lang='lat' dir='ltr'>Dei</span> <span class='ocrx_word' id='word_1_89' title='bbox 363 1709 560 1772; x_wconf 90' lang='lat' dir='ltr'>sancientis</span> <span class='ocrx_word' id='word_1_90' title='bbox 572 1709 609 1772; x_wconf 94' lang='lat' dir='ltr'>in</span> <span class='ocrx_word' id='word_1_91' title='bbox 619 1710 730 1773; x_wconf 89' lang='lat' dir='ltr'>coelis</span> <span class='ocrx_word' id='word_1_92' title='bbox 744 1707 962 1772; x_wconf 88' lang='lat' dir='ltr'>sententiam</span> <span class='ocrx_word' id='word_1_93' title='bbox 976 1707 1073 1772; x_wconf 91' lang='lat' dir='ltr'>Petri</span> <span class='ocrx_word' id='word_1_94' title='bbox 1088 1707 1201 1789; x_wconf 89' lang='lat' dir='ltr'>Apos-</span> 
     </span>
     <span class='ocr_line' id='line_1_14' title="bbox 94 1813 1202 1898; baseline 0.004 -24"><span class='ocrx_word' id='word_1_95' title='bbox 94 1814 307 1898; x_wconf 85' lang='lat' dir='ltr'>tolorumque</span> <span class='ocrx_word' id='word_1_96' title='bbox 332 1816 468 1879; x_wconf 89' lang='lat' dir='ltr'>nullam</span> <span class='ocrx_word' id='word_1_97' title='bbox 488 1817 597 1880; x_wconf 86' lang='lat' dir='ltr'>aliam</span> <span class='ocrx_word' id='word_1_98' title='bbox 616 1833 696 1879; x_wconf 89' lang='lat' dir='ltr'>esse</span> <span class='ocrx_word' id='word_1_99' title='bbox 715 1817 970 1879; x_wconf 88' lang='lat' dir='ltr'>auctoritatem</span> <span class='ocrx_word' id='word_1_100' title='bbox 988 1813 1144 1878; x_wconf 88' lang='lat' dir='ltr'>mediam</span> <span class='ocrx_word' id='word_1_101' title='bbox 1158 1831 1202 1878; x_wconf 91' lang='lat' dir='ltr'>ac</span> 
     </span>
     <span class='ocr_line' id='line_1_15' title="bbox 95 1920 1202 2006; baseline 0.005 -24"><span class='ocrx_word' id='word_1_102' title='bbox 95 1920 286 2005; x_wconf 83' lang='lat' dir='ltr'>humanam,</span> <span class='ocrx_word' id='word_1_103' title='bbox 316 1940 362 1988; x_wconf 89' lang='lat' dir='ltr'>ne</span> <span class='ocrx_word' id='word_1_104' title='bbox 392 1923 535 2006; x_wconf 90' lang='lat' dir='ltr'>quidem</span> <span class='ocrx_word' id='word_1_105' title='bbox 566 1923 704 2006; x_wconf 86' lang='lat' dir='ltr'>regiam</span> <span class='ocrx_word' id='word_1_106' title='bbox 735 1929 797 1986; x_wconf 84' lang='lat' dir='ltr'>aut</span> <span class='ocrx_word' id='word_1_107' title='bbox 830 1922 1069 2004; x_wconf 87' lang='lat' dir='ltr'>imperialem,</span> <span class='ocrx_word' id='word_1_108' title='bbox 1100 1922 1202 2004; x_wconf 86' lang='lat' dir='ltr'>cujus</span> 
     </span>
     <span class='ocr_line' id='line_1_16' title="bbox 92 2027 1202 2113; baseline 0.005 -24"><span class='ocrx_word' id='word_1_109' title='bbox 92 2027 215 2104; x_wconf 88' lang='lat' dir='ltr'>judicio</span> <span class='ocrx_word' id='word_1_110' title='bbox 232 2031 400 2094; x_wconf 88' lang='lat' dir='ltr'>standum</span> <span class='ocrx_word' id='word_1_111' title='bbox 417 2032 475 2113; x_wconf 88' lang='lat' dir='ltr'>sit,</span> <span class='ocrx_word' id='word_1_112' title='bbox 496 2037 691 2113; x_wconf 91' lang='lat' dir='ltr'>autequam</span> <span class='ocrx_word' id='word_1_113' title='bbox 710 2031 806 2096; x_wconf 90' lang='lat' dir='ltr'>Deus</span> <span class='ocrx_word' id='word_1_114' title='bbox 824 2049 994 2113; x_wconf 89' lang='lat' dir='ltr'>suprema</span> <span class='ocrx_word' id='word_1_115' title='bbox 1012 2037 1048 2095; x_wconf 90' lang='lat' dir='ltr'>et</span> <span class='ocrx_word' id='word_1_116' title='bbox 1066 2032 1202 2096; x_wconf 87' lang='lat' dir='ltr'>irrevo-</span> 
     </span>
     <span class='ocr_line' id='line_1_17' title="bbox 96 2135 1203 2220; baseline 0.005 -26"><span class='ocrx_word' id='word_1_117' title='bbox 96 2135 193 2198; x_wconf 87' lang='lat' dir='ltr'>cabili</span> <span class='ocrx_word' id='word_1_118' title='bbox 209 2138 396 2202; x_wconf 86' lang='lat' dir='ltr'>sanctione</span> <span class='ocrx_word' id='word_1_119' title='bbox 415 2138 529 2219; x_wconf 87' lang='lat' dir='ltr'>ligata</span> <span class='ocrx_word' id='word_1_120' title='bbox 546 2139 606 2202; x_wconf 91' lang='lat' dir='ltr'>vel</span> <span class='ocrx_word' id='word_1_121' title='bbox 624 2138 743 2202; x_wconf 88' lang='lat' dir='ltr'>soluta</span> <span class='ocrx_word' id='word_1_122' title='bbox 762 2139 807 2202; x_wconf 90' lang='lat' dir='ltr'>ab</span> <span class='ocrx_word' id='word_1_123' title='bbox 833 2137 1018 2220; x_wconf 87' lang='lat' dir='ltr'>Apostolis</span> <span class='ocrx_word' id='word_1_124' title='bbox 1036 2139 1072 2201; x_wconf 91' lang='lat' dir='ltr'>in</span> <span class='ocrx_word' id='word_1_125' title='bbox 1092 2139 1203 2202; x_wconf 92' lang='lat' dir='ltr'>coelis</span> 
     </span>
     <span class='ocr_line' id='line_1_18' title="bbox 97 2243 279 2308; baseline 0.022 -6"><span class='ocrx_word' id='word_1_126' title='bbox 97 2243 279 2308; x_wconf 87' lang='lat' dir='ltr'>confirmet.</span> 
     </span>
    </p>

    <p class='ocr_par' dir='ltr' id='par_1_3' title="bbox 86 2349 1204 2971">
     <span class='ocr_line' id='line_1_19' title="bbox 174 2349 1201 2437; baseline 0.005 -25"><span class='ocrx_word' id='word_1_127' title='bbox 174 2349 222 2414; x_wconf 83' lang='lat'>2.⁰</span> <span class='ocrx_word' id='word_1_128' title='bbox 268 2351 339 2416; x_wconf 86' lang='lat' dir='ltr'>Sed</span> <span class='ocrx_word' id='word_1_129' title='bbox 355 2351 543 2416; x_wconf 86' lang='lat' dir='ltr'>videamus</span> <span class='ocrx_word' id='word_1_130' title='bbox 571 2353 617 2418; x_wconf 91' lang='lat' dir='ltr'>ad</span> <span class='ocrx_word' id='word_1_131' title='bbox 634 2354 835 2436; x_wconf 89' lang='lat' dir='ltr'>pleniorem</span> <span class='ocrx_word' id='word_1_132' title='bbox 865 2354 953 2418; x_wconf 86' lang='lat' dir='ltr'>sacti</span> <span class='ocrx_word' id='word_1_133' title='bbox 983 2355 1201 2437; x_wconf 84' lang='lat' dir='ltr'>evangelici,</span> 
     </span>
     <span class='ocr_line' id='line_1_20' title="bbox 98 2458 1204 2543; baseline 0.005 -24"><span class='ocrx_word' id='word_1_134' title='bbox 98 2458 186 2539; x_wconf 85' lang='lat' dir='ltr'>cujus</span> <span class='ocrx_word' id='word_1_135' title='bbox 209 2461 480 2543; x_wconf 84' lang='lat' dir='ltr'>investigationi</span> <span class='ocrx_word' id='word_1_136' title='bbox 498 2461 732 2540; x_wconf 66' lang='lat' dir='ltr'>intendimus</span> <span class='ocrx_word' id='word_1_137' title='bbox 750 2461 1098 2542; x_wconf 89' lang='lat' dir='ltr'>corroborationem,</span> <span class='ocrx_word' id='word_1_138' title='bbox 1118 2461 1204 2543; x_wconf 90' lang='lat' dir='ltr'>quid</span> 
     </span>
     <span class='ocr_line' id='line_1_21' title="bbox 99 2563 1202 2650; baseline 0.005 -24"><span class='ocrx_word' id='word_1_139' title='bbox 99 2563 137 2627; x_wconf 88' lang='lat' dir='ltr'>de</span> <span class='ocrx_word' id='word_1_140' title='bbox 152 2567 332 2632; x_wconf 84' lang='lat' dir='ltr'>voluntate</span> <span class='ocrx_word' id='word_1_141' title='bbox 349 2568 509 2650; x_wconf 88' lang='lat' dir='ltr'>positiva</span> <span class='ocrx_word' id='word_1_142' title='bbox 524 2567 657 2633; x_wconf 83' lang='lat' dir='ltr'>Christi</span> <span class='ocrx_word' id='word_1_143' title='bbox 671 2567 873 2632; x_wconf 82' lang='lat' dir='ltr'>Ecclesiam</span> <span class='ocrx_word' id='word_1_144' title='bbox 886 2569 1107 2632; x_wconf 87' lang='lat' dir='ltr'>instituentis</span> <span class='ocrx_word' id='word_1_145' title='bbox 1122 2587 1202 2632; x_wconf 90' lang='lat' dir='ltr'>sen-</span> 
     </span>
     <span class='ocr_line' id='line_1_22' title="bbox 99 2672 1202 2756; baseline 0.006 -25"><span class='ocrx_word' id='word_1_146' title='bbox 99 2672 174 2734; x_wconf 86' lang='lat' dir='ltr'>serit</span> <span class='ocrx_word' id='word_1_147' title='bbox 198 2673 343 2738; x_wconf 86' lang='lat' dir='ltr'>traditio</span> <span class='ocrx_word' id='word_1_148' title='bbox 369 2675 551 2738; x_wconf 87' lang='lat' dir='ltr'>catholica</span> <span class='ocrx_word' id='word_1_149' title='bbox 576 2681 612 2738; x_wconf 88' lang='lat' dir='ltr'>et</span> <span class='ocrx_word' id='word_1_150' title='bbox 640 2674 840 2738; x_wconf 87' lang='lat' dir='ltr'>christiana</span> <span class='ocrx_word' id='word_1_151' title='bbox 869 2674 1080 2756; x_wconf 89' lang='lat' dir='ltr'>antiquitas.</span> <span class='ocrx_word' id='word_1_152' title='bbox 1114 2673 1202 2738; x_wconf 83' lang='lat' dir='ltr'>Cum</span> 
     </span>
     <span class='ocr_line' id='line_1_23' title="bbox 100 2779 1201 2863; baseline 0.008 -26"><span class='ocrx_word' id='word_1_153' title='bbox 100 2781 193 2844; x_wconf 89' lang='lat' dir='ltr'>tantis</span> <span class='ocrx_word' id='word_1_154' title='bbox 210 2779 268 2845; x_wconf 85' lang='lat' dir='ltr'>SS.</span> <span class='ocrx_word' id='word_1_155' title='bbox 286 2781 432 2845; x_wconf 89' lang='lat' dir='ltr'>Patrum</span> <span class='ocrx_word' id='word_1_156' title='bbox 447 2781 661 2846; x_wconf 90' lang='lat' dir='ltr'>testimoniis</span> <span class='ocrx_word' id='word_1_157' title='bbox 676 2782 882 2862; x_wconf 86' lang='lat' dir='ltr'>obruamur,</span> <span class='ocrx_word' id='word_1_158' title='bbox 898 2782 1106 2863; x_wconf 90' lang='lat' dir='ltr'>speciminis</span> <span class='ocrx_word' id='word_1_159' title='bbox 1121 2799 1201 2863; x_wconf 83' lang='lat' dir='ltr'>gra·</span> 
     </span>
     <span class='ocr_line' id='line_1_24' title="bbox 86 2881 1123 2971; baseline 0.013 -29"><span class='ocrx_word' id='word_1_160' title='bbox 86 2881 143 2946; x_wconf 87' lang='lat' dir='ltr'>&#39;tia</span> <span class='ocrx_word' id='word_1_161' title='bbox 158 2888 327 2952; x_wconf 88' lang='lat' dir='ltr'>nonnulla</span> <span class='ocrx_word' id='word_1_162' title='bbox 340 2889 603 2971; x_wconf 89' lang='lat' dir='ltr'>pretiosissima</span> <span class='ocrx_word' id='word_1_163' title='bbox 620 2891 736 2955; x_wconf 84' lang='lat' dir='ltr'>effata</span> <span class='ocrx_word' id='word_1_164' title='bbox 754 2896 895 2955; x_wconf 86' lang='lat' dir='ltr'>tantum</span> <span class='ocrx_word' id='word_1_165' title='bbox 914 2891 1123 2955; x_wconf 82' lang='lat' dir='ltr'>afferemus.</span> 
     </span>
    </p>

    <p class='ocr_par' dir='ltr' id='par_1_4' title="bbox 96 2997 1204 3515">
     <span class='ocr_line' id='line_1_25' title="bbox 173 2997 1203 3082; baseline 0.003 -22"><span class='ocrx_word' id='word_1_166' title='bbox 173 2999 205 3074; x_wconf 87' lang='lat' dir='ltr'>a)</span> <span class='ocrx_word' id='word_1_167' title='bbox 253 2997 326 3060; x_wconf 89' lang='lat' dir='ltr'>Alii</span> <span class='ocrx_word' id='word_1_168' title='bbox 345 2997 477 3062; x_wconf 89' lang='lat' dir='ltr'>docent</span> <span class='ocrx_word' id='word_1_169' title='bbox 494 2999 754 3080; x_wconf 88' lang='lat' dir='ltr'>plenitudinem</span> <span class='ocrx_word' id='word_1_170' title='bbox 783 3000 1010 3082; x_wconf 90' lang='lat' dir='ltr'>principatus</span> <span class='ocrx_word' id='word_1_171' title='bbox 1027 3018 1071 3063; x_wconf 89' lang='lat' dir='ltr'>ac</span> <span class='ocrx_word' id='word_1_172' title='bbox 1101 3003 1203 3082; x_wconf 89' lang='lat' dir='ltr'>pote·</span> 
     </span>
     <span class='ocr_line' id='line_1_26' title="bbox 102 3103 1204 3190; baseline 0.009 -30"><span class='ocrx_word' id='word_1_173' title='bbox 102 3103 188 3165; x_wconf 86' lang='lat' dir='ltr'>statis</span> <span class='ocrx_word' id='word_1_174' title='bbox 197 3103 241 3167; x_wconf 88' lang='lat' dir='ltr'>ad</span> <span class='ocrx_word' id='word_1_175' title='bbox 255 3103 457 3169; x_wconf 77' lang='lat' dir='ltr'>Ecclesiam</span> <span class='ocrx_word' id='word_1_176' title='bbox 473 3105 669 3188; x_wconf 83' lang='lat' dir='ltr'>regendam</span> <span class='ocrx_word' id='word_1_177' title='bbox 683 3107 884 3190; x_wconf 91' lang='lat' dir='ltr'>inpropriis</span> <span class='ocrx_word' id='word_1_178' title='bbox 897 3107 973 3188; x_wconf 91' lang='lat' dir='ltr'>cjus</span> <span class='ocrx_word' id='word_1_179' title='bbox 986 3107 1204 3190; x_wconf 86' lang='lat' dir='ltr'>magistrati-</span> 
     </span>
     <span class='ocr_line' id='line_1_27' title="bbox 102 3195 1204 3298; baseline 0.008 -29"><span class='ocrx_word' id='word_1_180' title='bbox 102 3203 165 3290; x_wconf 89' lang='lat' dir='ltr'>bus,</span> <span class='ocrx_word' id='word_1_181' title='bbox 178 3209 212 3274; x_wconf 94' lang='lat' dir='ltr'>id</span> <span class='ocrx_word' id='word_1_182' title='bbox 228 3220 295 3294; x_wconf 88' lang='lat' dir='ltr'>est,</span> <span class='ocrx_word' id='word_1_183' title='bbox 311 3211 348 3274; x_wconf 93' lang='lat' dir='ltr'>in</span> <span class='ocrx_word' id='word_1_184' title='bbox 362 3211 551 3295; x_wconf 78' lang='lat' dir='ltr'>Episcopis</span> <span class='ocrx_word' id='word_1_185' title='bbox 569 3213 741 3295; x_wconf 89' lang='lat' dir='ltr'>residere;</span> <span class='ocrx_word' id='word_1_186' title='bbox 753 3214 805 3277; x_wconf 90' lang='lat' dir='ltr'>ita</span> <span class='ocrx_word' id='word_1_187' title='bbox 817 3215 976 3297; x_wconf 89' lang='lat' dir='ltr'>loquitur</span> <span class='ocrx_word' id='word_1_188' title='bbox 992 3213 1026 3279; x_wconf 88' lang='lat' dir='ltr'>S.</span> <span class='ocrx_word' id='word_1_189' title='bbox 1041 3195 1204 3298; x_wconf 84' lang='lat' dir='ltr'>Ignatius</span> 
     </span>
     <span class='ocr_line' id='line_1_28' title="bbox 102 3313 1203 3408; baseline 0.009 -29"><span class='ocrx_word' id='word_1_190' title='bbox 102 3313 234 3403; x_wconf 78' lang='lat' dir='ltr'>Martyr:</span> <span class='ocrx_word' id='word_1_191' title='bbox 267 3321 358 3397; x_wconf 82' lang='lat' dir='ltr'>Quid</span> <span class='ocrx_word' id='word_1_192' title='bbox 383 3323 482 3387; x_wconf 80' lang='lat' dir='ltr'>aliud</span> <span class='ocrx_word' id='word_1_193' title='bbox 499 3330 548 3388; x_wconf 82' lang='lat' dir='ltr'>est</span> <span class='ocrx_word' id='word_1_194' title='bbox 576 3323 781 3408; x_wconf 76' lang='lat' dir='ltr'>Episcopus,</span> <span class='ocrx_word' id='word_1_195' title='bbox 800 3345 901 3408; x_wconf 82' lang='lat' dir='ltr'>quarn</span> <span class='ocrx_word' id='word_1_196' title='bbox 927 3325 967 3405; x_wconf 85' lang='lat' dir='ltr'>ia,</span> <span class='ocrx_word' id='word_1_197' title='bbox 986 3327 1044 3408; x_wconf 81' lang='lat' dir='ltr'>qui</span> <span class='ocrx_word' id='word_1_198' title='bbox 1072 3345 1203 3390; x_wconf 84' lang='lat' dir='ltr'>omnem</span> 
     </span>
     <span class='ocr_line' id='line_1_29' title="bbox 96 3425 1048 3515; baseline 0.006 -27"><span class='ocrx_word' id='word_1_199' title='bbox 96 3425 318 3512; x_wconf 83' lang='lat' dir='ltr'>principatum</span> <span class='ocrx_word' id='word_1_200' title='bbox 336 3451 376 3494; x_wconf 88' lang='lat' dir='ltr'>ac</span> <span class='ocrx_word' id='word_1_201' title='bbox 388 3438 591 3515; x_wconf 85' lang='lat' dir='ltr'>potestatem</span> <span class='ocrx_word' id='word_1_202' title='bbox 606 3434 641 3495; x_wconf 86' lang='lat' dir='ltr'>in</span> <span class='ocrx_word' id='word_1_203' title='bbox 655 3431 812 3496; x_wconf 82' lang='lat' dir='ltr'>Ecclesia</span> <span class='ocrx_word' id='word_1_204' title='bbox 830 3429 974 3498; x_wconf 82' lang='lat' dir='ltr'>obtinet?</span> <span class='ocrx_word' id='word_1_205' title='bbox 989 3432 1048 3515; x_wconf 79' lang='lat'>(1).</span> 
     </span>
    </p>

    <p class='ocr_par' dir='ltr' id='par_1_5' title="bbox 97 3537 1206 4164">
     <span class='ocr_line' id='line_1_30' title="bbox 176 3537 1202 3622; baseline 0.003 -23"><span class='ocrx_word' id='word_1_206' title='bbox 176 3537 206 3616; x_wconf 81' lang='lat' dir='ltr'>b)</span> <span class='ocrx_word' id='word_1_207' title='bbox 252 3537 325 3602; x_wconf 87' lang='lat' dir='ltr'>Alii</span> <span class='ocrx_word' id='word_1_208' title='bbox 338 3539 522 3603; x_wconf 84' lang='lat' dir='ltr'>affirmant</span> <span class='ocrx_word' id='word_1_209' title='bbox 535 3540 569 3602; x_wconf 91' lang='lat' dir='ltr'>in</span> <span class='ocrx_word' id='word_1_210' title='bbox 585 3539 751 3603; x_wconf 81' lang='lat' dir='ltr'>Ecclesia</span> <span class='ocrx_word' id='word_1_211' title='bbox 765 3557 844 3605; x_wconf 88' lang='lat' dir='ltr'>esse</span> <span class='ocrx_word' id='word_1_212' title='bbox 859 3557 984 3606; x_wconf 89' lang='lat' dir='ltr'>verum</span> <span class='ocrx_word' id='word_1_213' title='bbox 999 3539 1202 3622; x_wconf 88' lang='lat' dir='ltr'>imperium,</span> 
     </span>
     <span class='ocr_line' id='line_1_31' title="bbox 102 3645 1204 3730; baseline 0 -20"><span class='ocrx_word' id='word_1_214' title='bbox 102 3645 131 3702; x_wconf 74' lang='lat' dir='ltr'>et</span> <span class='ocrx_word' id='word_1_215' title='bbox 150 3645 287 3725; x_wconf 84' lang='lat' dir='ltr'>quidem</span> <span class='ocrx_word' id='word_1_216' title='bbox 305 3665 375 3711; x_wconf 91' lang='lat' dir='ltr'>non</span> <span class='ocrx_word' id='word_1_217' title='bbox 395 3647 498 3711; x_wconf 92' lang='lat' dir='ltr'>modo</span> <span class='ocrx_word' id='word_1_218' title='bbox 516 3649 775 3730; x_wconf 88' lang='lat' dir='ltr'>praestantius,</span> <span class='ocrx_word' id='word_1_219' title='bbox 796 3665 922 3712; x_wconf 89' lang='lat' dir='ltr'>verum</span> <span class='ocrx_word' id='word_1_220' title='bbox 940 3649 1048 3711; x_wconf 88' lang='lat' dir='ltr'>etiam</span> <span class='ocrx_word' id='word_1_221' title='bbox 1063 3645 1204 3728; x_wconf 87' lang='lat' dir='ltr'>perfec·</span> 
     </span>
     <span class='ocr_line' id='line_1_32' title="bbox 104 3745 1203 3838; baseline 0.011 -32"><span class='ocrx_word' id='word_1_222' title='bbox 104 3745 159 3812; x_wconf 92' lang='lat' dir='ltr'>tius</span> <span class='ocrx_word' id='word_1_223' title='bbox 181 3751 290 3835; x_wconf 79' lang='lat' dir='ltr'>civili3</span> <span class='ocrx_word' id='word_1_224' title='bbox 305 3756 358 3818; x_wconf 88' lang='lat' dir='ltr'>sic</span> <span class='ocrx_word' id='word_1_225' title='bbox 377 3754 493 3836; x_wconf 90' lang='lat' dir='ltr'>inquit</span> <span class='ocrx_word' id='word_1_226' title='bbox 511 3753 544 3818; x_wconf 86' lang='lat' dir='ltr'>S.</span> <span class='ocrx_word' id='word_1_227' title='bbox 561 3753 759 3836; x_wconf 84' lang='lat' dir='ltr'>Gregorius</span> <span class='ocrx_word' id='word_1_228' title='bbox 773 3755 1038 3820; x_wconf 87' lang='lat' dir='ltr'>Nazianzenus:</span> <span class='ocrx_word' id='word_1_229' title='bbox 1062 3754 1107 3818; x_wconf 86' lang='lat' dir='ltr'>Te</span> <span class='ocrx_word' id='word_1_230' title='bbox 1125 3775 1203 3838; x_wconf 78' lang='lat' dir='ltr'>quo·</span> 
     </span>
     <span class='ocr_line' id='line_1_33' title="bbox 103 3859 1205 3948; baseline 0.005 -28"><span class='ocrx_word' id='word_1_231' title='bbox 103 3873 162 3938; x_wconf 78' lang='lat' dir='ltr'>pue,</span> <span class='ocrx_word' id='word_1_232' title='bbox 178 3859 379 3945; x_wconf 80' lang='lat' dir='ltr'>Imperator,</span> <span class='ocrx_word' id='word_1_233' title='bbox 397 3863 542 3948; x_wconf 83' lang='lat' dir='ltr'>imperio</span> <span class='ocrx_word' id='word_1_234' title='bbox 560 3885 631 3928; x_wconf 77' lang='lat' dir='ltr'>aneo</span> <span class='ocrx_word' id='word_1_235' title='bbox 649 3872 680 3928; x_wconf 86' lang='lat' dir='ltr'>et</span> <span class='ocrx_word' id='word_1_236' title='bbox 698 3865 817 3929; x_wconf 77' lang='lat' dir='ltr'>throno</span> <span class='ocrx_word' id='word_1_237' title='bbox 835 3865 892 3929; x_wconf 82' lang='lat' dir='ltr'>icoc</span> <span class='ocrx_word' id='word_1_238' title='bbox 911 3863 1111 3930; x_wconf 76' lang='lat' dir='ltr'>Christiana</span> <span class='ocrx_word' id='word_1_239' title='bbox 1129 3863 1205 3926; x_wconf 83' lang='lat' dir='ltr'>aab·</span> 
     </span>
     <span class='ocr_line' id='line_1_34' title="bbox 97 3963 1206 4056; baseline 0.005 -30"><span class='ocrx_word' id='word_1_240' title='bbox 97 3963 174 4045; x_wconf 80' lang='lat' dir='ltr'>jicit.</span> <span class='ocrx_word' id='word_1_241' title='bbox 199 3969 387 4055; x_wconf 75' lang='lat' dir='ltr'>imperium</span> <span class='ocrx_word' id='word_1_242' title='bbox 418 3974 507 4036; x_wconf 83' lang='lat' dir='ltr'>enim</span> <span class='ocrx_word' id='word_1_243' title='bbox 539 3977 570 4035; x_wconf 85' lang='lat' dir='ltr'>ei</span> <span class='ocrx_word' id='word_1_244' title='bbox 598 3993 659 4036; x_wconf 83' lang='lat' dir='ltr'>aas</span> <span class='ocrx_word' id='word_1_245' title='bbox 688 3993 816 4055; x_wconf 78' lang='lat' dir='ltr'>quoque</span> <span class='ocrx_word' id='word_1_246' title='bbox 849 3971 1016 4055; x_wconf 76' lang='lat' dir='ltr'>Episcopi</span> <span class='ocrx_word' id='word_1_247' title='bbox 1044 3970 1206 4056; x_wconf 81' lang='lat' dir='ltr'>perimas:</span> 
     </span>
     <span class='ocr_line' id='line_1_35' title="bbox 104 4071 1204 4164; baseline 0.005 -31"><span class='ocrx_word' id='word_1_248' title='bbox 104 4071 180 4139; x_wconf 83' lang='lat' dir='ltr'>oddo</span> <span class='ocrx_word' id='word_1_249' title='bbox 195 4080 294 4143; x_wconf 83' lang='lat' dir='ltr'>eiiam</span> <span class='ocrx_word' id='word_1_250' title='bbox 302 4081 544 4164; x_wconf 81' lang='lat' dir='ltr'>praestantius</span> <span class='ocrx_word' id='word_1_251' title='bbox 557 4086 589 4143; x_wconf 86' lang='lat' dir='ltr'>et</span> <span class='ocrx_word' id='word_1_252' title='bbox 599 4079 805 4164; x_wconf 64' lang='lat' dir='ltr'>perfectioq-</span> <span class='ocrx_word' id='word_1_253' title='bbox 819 4079 888 4142; x_wconf 83' lang='lat' dir='ltr'>nisi</span> <span class='ocrx_word' id='word_1_254' title='bbox 902 4099 981 4142; x_wconf 85' lang='lat' dir='ltr'>aero</span> <span class='ocrx_word' id='word_1_255' title='bbox 994 4097 1139 4160; x_wconf 80' lang='lat' dir='ltr'>acquam</span> <span class='ocrx_word' id='word_1_256' title='bbox 1154 4081 1204 4139; x_wconf 82' lang='lat' dir='ltr'>eat</span> 
     </span>
    </p>
   </div>
   <div class='ocr_carea' id='block_1_3' title="bbox 106 4199 254 4222">
    <p class='ocr_par' dir='ltr' id='par_1_6' title="bbox 106 4199 254 4222">
     <span class='ocr_line' id='line_1_36' title="bbox 106 4199 254 4222; baseline -0.034 4"><span class='ocrx_word' id='word_1_257' title='bbox 106 4199 254 4222; x_wconf 39' lang='lat' dir='ltr'>&#39;’Qu-</span> 
     </span>
    </p>
   </div>
   <div class='ocr_carea' id='block_1_4' title="bbox 166 4309 541 4381">
    <p class='ocr_par' dir='ltr' id='par_1_7' title="bbox 166 4309 541 4381">
     <span class='ocr_line' id='line_1_37' title="bbox 166 4309 541 4381; baseline -0.005 -14"><span class='ocrx_word' id='word_1_258' title='bbox 166 4310 198 4376; x_wconf 75' lang='lat' dir='ltr'>&lt;li</span> <span class='ocrx_word' id='word_1_259' title='bbox 231 4311 320 4381; x_wconf 75' lang='lat' dir='ltr'>Epist.</span> <span class='ocrx_word' id='word_1_260' title='bbox 331 4310 369 4366; x_wconf 82' lang='lat' dir='ltr'>ad</span> <span class='ocrx_word' id='word_1_261' title='bbox 381 4309 541 4366; x_wconf 76' lang='lat' dir='ltr'>Traiicrma</span> 
     </span>
    </p>
   </div>
   <div class='ocr_carea' id='block_1_5' title="bbox 0 0 1580 4988">
    <p class='ocr_par' dir='ltr' id='par_1_8' title="bbox 0 0 1580 4988">
     <span class='ocr_line' id='line_1_38' title="bbox 0 0 1580 4988; baseline 0 0"><span class='ocrx_word' id='word_1_262' title='bbox 0 0 1580 4988; x_wconf 95' lang='lat' dir='ltr'> </span> 
     </span>
    </p>
   </div>
  </div>
 </body>
</html>
