3034 4990
808 380 986 440 -370-

336 527 419 591 tatis
434 525 651 606 Gallicanae,
667 541 758 607 quse
776 524 946 606 egregius
963 521 1195 604 Fenelonius,
1213 521 1365 602 insignis
1391 521 1448 584 Ar-

336 633 589 715 chiepiscopus
607 630 884 696 Cameracensis
899 631 1056 696 vocabat
1072 631 1270 695 servitutem
1283 629 1450 694 Ecclesiae

336 761 418 825 erpa
431 739 564 823 Repem,
578 747 608 804 et
622 739 789 803 adsersus
804 737 998 802 Romanam
1011 736 1210 822 Pontificem
1223 737 1408 801 licentiam.

425 843 502 908 237.
550 844 731 909 Elementa
765 845 1000 910 corastitatiea.
1032 842 1449 926 Naturapropriaprae.

335 952 403 1014 fati
419 951 628 1033 systematis
646 951 782 1033 liquido
800 951 984 1034 colligitur
1001 967 1046 1015 ex
1076 955 1232 1033 quatuor
1249 947 1340 1012 cleri
1354 949 1449 1030 galli·

336 1057 420 1122 cani
433 1057 756 1140 propositionibus,
771 1075 970 1140 earumque
985 1055 1236 1138 consectariis,
1248 1072 1342 1138 quse
1355 1055 1402 1118 ita
1413 1073 1449 1120 se

335 1163 483 1228 habent:

426 1270 479 1334 1.ἰ
524 1269 631 1352 Prop.
646 1273 787 1352 (contra
793 1270 1046 1354 plenitudinem
1057 1267 1239 1332 Primatus
1252 1267 1447 1345 Pontificio:

336 1377 484 1442 Romani
511 1378 693 1464 Pontifices
708 1379 807 1443 nella
834 1376 984 1462 pandent
1000 1375 1254 1460 iurisdictione,
1279 1374 1448 1460 1111111-

335 1491 441 1564 recia,
461 1503 566 1568 neque
584 1485 765 1566 indirecta,
783 1485 820 1548 in
836 1484 943 1569 Repes
961 1491 1061 1566 atque
1085 1483 1207 1548 civilia
1234 1485 1365 1569 nepotis
1392 1501 1450 1546 sen

335 1609 390 1654 res
402 1589 620 1673 temporales.

425 1695 480 1758 a·
525 1695 633 1776 Prop.
652 1699 795 1776 (contra
812 1697 1111 1762 universalitatem
1142 1694 1325 1760 Primatus
1341 1693 1448 1758 Ponti·

334 1801 433 1878 finiit:
448 1798 650 1866 Auctoritas
670 1800 815 1868 Consilii
829 1802 1022 1884 Generalis,
1038 1804 1142 1868 etiam
1155 1801 1295 1867 eaclnso
1311 1807 1450 1884 tempore

334 1906 542 1987 schismatis,
556 1909 717 1992 superior
733 1915 783 1975 est
798 1911 1003 1975 anctoritate
1020 1909 1171 1974 Romani
1184 1907 1367 1992 Pontifices.

423 2013 477 2078 33·
522 2013 629 2096 Prop.
643 2013 785 2096 (contra
798 2016 1047 2100 asprenatiam
1059 2014 1240 2079 Primatus
1254 2010 1447 2094 Pontificii):

334 2121 491 2185 Potestas
507 2119 608 2186 Sedis
624 2118 843 2204 Apostolicae
851 2122 933 2207 jari
951 2122 1122 2186 communi
1140 2122 1305 2207 subjacet,
1323 2119 1379 2184 boo
1395 2125 1447 2196 est,

335 2234 532 2292 coarctatur
550 2234 621 2292 tam
634 2247 700 2310 per
713 2249 860 2292 canones
876 2227 1091 2292 universales
1095 2229 1177 2313 jam
1206 2225 1368 2306 conditas,
1385 2234 1447 2288 tam

330 2353 396 2420 per
413 2333 675 2397 consuetudines
691 2341 792 2417 atque
808 2334 969 2399 instituta
986 2355 1008 2397 α
1028 2333 1146 2418 Beana
1171 2339 1204 2398 et
1231 2333 1275 2397 ab
1302 2331 1447 2396 Ecclesia

336 2438 522 2502 Gallicana
538 2447 689 2522 recepta.

424 2541 478 2606 4.·
521 2543 793 2628 Prop.(contra
808 2545 1100 2630 infallibilitatem
1116 2544 1299 2610 Primatus
1316 2540 1446 2608 Pontifi-
1512 2589 1513 2637 ,

336 2647 408 2724 cii):
426 2647 604 2712 Jaaiciam
619 2651 768 2714 Romani
796 2651 971 2736 Pontifices
1003 2672 1072 2716 non
1090 2657 1140 2716 est
1156 2651 1359 2716 censendum
1371 2650 1446 2712 irre·

331 2753 528 2839 formabile,
541 2756 611 2819 nisi
623 2756 765 2820 accedat
778 2755 955 2821 Ecclesiae
973 2777 1169 2822 consensus.
1511 2737 1512 2797 1

424 2859 478 2923 Ex
496 2860 663 2924 doctrina
680 2862 716 2926 in
741 2862 933 2926 recensitis
957 2863 1270 2944 propositionibus
1288 2863 1447 2926 contenta
1510 2877 1511 2957 1

334 2966 406 3028 tria
420 2967 616 3031 corollaria
630 2967 858 3032 deducebant
873 2965 1070 3050 Gallicani,
1089 2987 1185 3049 quae
1200 2969 1313 3055 Repni
1324 2967 1446 3033 institn-
1509 2997 1510 3030 r

335 3079 371 3134 tn
402 3073 640 3154 appellabant
668 3074 766 3138 etad
784 3075 928 3138 tertiam
956 3076 1246 3158 propositionem
1274 3071 1447 3141 commode
1509 3037 1510 3117 1

334 3179 504 3241 revocari
518 3187 665 3262 queunt;
685 3186 768 3245 sunt
783 3181 988 3263 sequeutia:
1506 3149 1509 3276 1

424 3285 480 3348 Lm
531 3283 730 3368 Appellatio
747 3289 789 3351 ab
820 3289 939 3370 abesa,
968 3305 1063 3370 quae
1081 3291 1138 3353 est
1153 3288 1282 3372 iniqua
1297 3287 1360 3352 illa
1375 3299 1447 3349 son·

335 3389 486 3454 suetudo
505 3391 719 3470 subjiciendi
749 3392 953 3457 Ecclesiam
980 3393 1261 3477 Magistratibus
1278 3392 1445 3468 civilibus,

335 3492 381 3554 sd
410 3511 470 3558 eos
489 3495 708 3576 appellando
728 3514 749 3560 a
766 3499 957 3564 sententiis
985 3501 1119 3581 Judiois
1150 3498 1387 3566 ecclesiastici
1410 3511 1446 3559 eo

335 3599 493 3680 nomine,
510 3600 604 3682 quod
619 3601 681 3666 ille
698 3606 917 3669 auctoritate
945 3623 1011 3670 sus
1028 3625 1227 3690 perperam
1246 3613 1356 3692 atque
1368 3603 1444 3684 1111·

333 3701 430 3766 riose
447 3722 531 3768 usus
552 3707 672 3770 fuerit.

424 3810 481 3872 2ss
532 3813 706 3878 Placitum
725 3815 881 3900 llepinm,
911 3817 948 3881 id
965 3822 1032 3902 est,
1048 3821 1212 3902 pessima
1236 3821 1355 3887 altera
1377 3832 1445 3882 con·

333 3915 497 3996 suetudo,
514 3935 585 3998 qua
597 3917 882 3985 constitutiones
896 3922 1146 4009 Apostolicae,
1162 3927 1341 4011 ipsaeque
1350 3923 1444 3990 etiam

334 4014 595 4102 Episcoporum
613 4023 821 4090 Pastorales
839 4027 1015 4112 Litterae,
1035 4048 1127 4114 quas
1141 4032 1270 4099 dieunt
1282 4032 1443 4102 mandata,

335 4121 372 4184 in
401 4125 530 4206 vulgus
549 4128 606 4193 edi
638 4133 854 4214 servarique
871 4141 1058 4220 vetantur,
1078 4139 1149 4204 nisi
1165 4139 1245 4205 Rex
1262 4147 1326 4206 aut
1343 4129 1444 4202 civilis

334 4225 567 4309 Magistratus
582 4234 618 4297 iu
633 4238 834 4316 permittat.
