3146 4980
673 713 936 783 ARTIGULUS
957 715 1056 782 VIII.

745 915 987 968 SUMMARIUM.

305 1117 368 1169 all.
386 1115 427 1168 4.·
440 1115 541 1168 Theais
554 1113 692 1167 adversus
705 1129 813 1166 errores
821 1111 1189 1180 aristocraticoapiacopaler:
1200 1111 1325 1167 Christus
1337 1113 1445 1168 Domi·

378 1201 431 1240 arca
448 1188 602 1240 Prinmtum
621 1183 865 1252 jurisdictionum
887 1182 1039 1238 &chaum
1056 1184 1173 1238 consuit
1195 1182 1284 1238 Bouto
1296 1184 1390 1248 Palm,
1405 1185 1445 1239 ira

379 1257 438 1328 ejus
450 1255 650 1312 Succemoribm
657 1254 982 1324 permittendum—27³.
1002 1255 1139 1310 Probatur
1155 1260 1192 1309 1.·
1217 1272 1283 1324 pars
1304 1260 1444 1326 proposi·

379 1331 573 1382 tionis-ali.
593 1325 810 1380 Demonstretu'r
823 1332 863 1380 2.·
878 1342 942 1394 pars
955 1327 1047 1380 thesis
1060 1328 1233 1380 enuntiatae.

398 1498 475 1562 272.
525 1497 675 1562 Praeter
698 1513 842 1562 errores
872 1496 1440 1580 aristocraticopresbyterales,

309 1605 432 1688 magni
445 1606 597 1668 interest
613 1603 804 1667 confutare
821 1603 930 1667 etiam
949 1619 1092 1666 errores
1106 1603 1360 1668 aristocratiae
1371 1621 1441 1668 su·

311 1711 466 1793 periuris
496 1727 560 1773 seu
577 1709 810 1790 episcopalis,
845 1709 983 1790 placita
1010 1707 1178 1772 nimirum
1202 1725 1337 1789 eorum,
1367 1712 1441 1791 qui

309 1817 370 1881 vel
388 1821 595 1880 asserentes
613 1833 737 1879 omnes
755 1813 955 1896 Episcopos
973 1831 1053 1878 esse
1062 1814 1146 1896 jure
1159 1813 1282 1880 divino
1296 1832 1440 1898 aequa-

309 1923 364 1988 les
378 1922 577 1987 Primatum
586 1921 850 2002 jurisdictionis
867 1919 1002 1986 Summi
1015 1919 1200 1984 Pontificis
1217 1920 1439 2002 diffitentur,

310 2031 400 2095 etin
418 2027 620 2093 Ecclesiam
639 2027 801 2109 regimen
827 2047 918 2112 para
944 2027 1224 2092 aristocratioum
1241 2027 1437 2109 inducunt,

310 2137 361 2200 uti
379 2134 607 2200 schismatici
620 2131 825 2198 Orientales
840 2151 862 2196 a
875 2151 1007 2213 magno
1020 2133 1138 2196 Photii
1169 2133 1364 2197 schismate
1396 2144 1441 2198 et

309 2241 458 2307 saeculo
476 2240 580 2305 XVII
598 2239 775 2322 pervicax
804 2248 973 2320 apostata
1004 2238 1148 2302 Marcus
1180 2237 1355 2302 Antonius
1382 2238 1438 2303 de

311 2349 487 2428 Dominis3
507 2347 568 2412 vel
585 2354 825 2428 agnoscentes
839 2346 998 2410 divinam
1016 2346 1278 2410 institutionem
1295 2345 1438 2410 Prima·

310 2461 368 2518 tus
381 2453 559 2518 Pontificii
574 2451 797 2516 contendunt
814 2451 1002 2534 Episcopis
1016 2451 1246 2516 tribuendam
1260 2469 1338 2516 esse
1347 2453 1440 2534 jure

310 2559 437 2625 divino
455 2559 772 2641 participationem
785 2580 946 2642 supremo
964 2559 1152 2622 Ecclesiae
1169 2559 1347 2640 regimini,
1378 2559 1438 2624 ita

311 2674 350 2731 ut
367 2671 586 2749 potestatem
599 2665 733 2730 Summi
762 2665 945 2730 Pontificio
960 2667 1180 2749 restringere
1198 2673 1335 2748 queant
1351 2667 1437 2731 sive

311 2773 491 2837 inordina
509 2773 714 2851 dogmatico
732 2779 768 2835 et
784 2772 1023 2854 disciplinari,
1042 2773 1121 2837 sive
1148 2773 1185 2837 in
1199 2772 1325 2838 ordine
1351 2791 1438 2855 pra·

309 2879 404 2943 otico
419 2887 454 2942 st
467 2879 721 2960 gubernatum
737 2877 939 2958 hujusmodi
954 2883 1037 2942 sunt
1049 2878 1439 2945 velsueruntGallica·

311 2985 360 3066 ni,
380 2985 596 3064 Richeriani,
611 2983 842 3063 petroniani,
867 2984 1111 3066 Jansenistas,
1133 2985 1338 3067 Eybelliani
1357 2986 1439 3050 alii·

310 3107 382 3173 que
396 3090 557 3170 ejusdem
571 3089 732 3170 furfuris,
747 3091 808 3172 qui
826 3091 1075 3155 monarchiam
1089 3092 1234 3157 mictum
1249 3109 1441 3174 nuncupa-

311 3195 401 3260 bant
417 3197 572 3260 formam
589 3195 830 3261 ecclesiastici
848 3197 1047 3278 regiminis.

399 3301 586 3366 Adversus
619 3319 743 3366 omnes
772 3319 915 3366 errores
948 3304 1438 3388 aristocratiae-episcopatem

312 3415 386 3472 tum
404 3413 563 3490 veteres,
582 3413 656 3472 tum
671 3409 907 3488 recentiores,
922 3425 1078 3492 sequens
1092 3409 1292 3474 adstruitur
1306 3409 1437 3475 thesis:

313 3513 653 3581 ChristasDomiaus
670 3517 865 3580 Primatum
884 3517 1148 3600 jurisdictionis
1174 3517 1213 3580 ia
1242 3515 1441 3582 Ecclesiam

309 3623 455 3687 contulit
470 3621 576 3686 Beato
595 3621 757 3702 Petraia
774 3623 848 3708 ejus
864 3621 1125 3686 Successoribus
1136 3623 1437 3706 perpetuandum.

400 3727 587 3808 Ejusmodi
601 3729 800 3808 propositio
818 3728 908 3792 duas
923 3735 1046 3810 partes
1072 3728 1327 3810 complectitur
1344 3730 1441 3794 levi·

312 3841 368 3899 ter
385 3852 450 3917 pro
466 3851 565 3898 more
581 3840 705 3898 nostro
725 3833 1037 3898 demonstrandas:
1062 3835 1163 3917 prior
1180 3853 1265 3918 pars
1294 3835 1441 3901 institu-

312 3942 446 4005 tionem
463 3940 625 4004 diviuam
637 3939 829 4020 Primatus,
845 3940 1079 4023 ejusdemque
1108 3943 1342 4007 collationem
1372 3941 1441 4008 Pe-

313 4053 369 4110 tro
388 4045 568 4111 aChristo
597 4048 732 4110 laetam
764 4047 907 4128 asserit;
938 4048 1057 4112 altera
1086 4065 1173 4130 pars
1206 4047 1443 4114 durationem

314 4156 423 4234 atque
455 4155 736 4235 perpetuitatem
763 4170 957 4238 supremae
1000 4156 1193 4237 potestatis
1226 4173 1249 4220 a
1277 4155 1440 4222 Domino

311 4258 499 4323 institutae
516 4259 677 4340 respicit;
698 4265 852 4342 utraque
869 4260 1108 4326 invictissime
1136 4279 1183 4326 ex
1201 4262 1347 4328 Divinis
1366 4263 1445 4330 Lit-
