3034 4990
529 419 707 478 ..353-

60 561 187 627 clasiae
229 581 304 628 non
341 563 556 646 Episcopos,
596 563 660 628 sed
696 563 869 647 populum
894 565 1175 651 intelligebant).

137 667 188 732 4.⁰
238 668 445 736 Postremus
462 674 499 734 et
516 670 633 735 minor
646 668 781 734 erroris
794 669 1030 734 democratici
1041 673 1178 753 gradus

59 774 224 855 proprius
243 780 299 840 est
314 776 470 858 illorum,
486 777 548 859 qui
559 777 725 860 proiecto
740 776 943 841 doctrinam
959 777 1178 844 catholicam

60 878 263 962 admittunt,
283 881 378 947 ultro
396 881 640 948 concedentes
656 887 731 948 tum
748 886 967 966 potestatem
994 900 1136 948 sacram
1155 903 1178 948 a

60 981 196 1051 Christo
215 987 426 1054 immediate
443 989 617 1055 traditam
637 990 750 1054 luisse
776 987 979 1072 Episcopis‚
1008 993 1084 1055 tum
1115 1008 1177 1057 eos

59 1091 174 1157 valide
192 1094 375 1160 nominari
389 1095 467 1160 sine
477 1112 656 1160 consensu
670 1094 807 1178 pupuli,
821 1103 858 1160 et
869 1097 1015 1161 nomine
1028 1096 1177 1179 proprio

59 1213 116 1262 seu
127 1200 166 1264 vi
184 1199 336 1266 divinae
352 1202 589 1267 institutionis
613 1201 872 1268 auctoritatem
888 1202 1180 1269 ecelesiasticam

61 1319 245 1388 exercere;
265 1311 429 1373 attamen
446 1312 634 1373 autumant
650 1311 803 1392 propter
827 1308 1051 1390 aequitatem
1068 1315 1181 1394 atque

60 1413 243 1479 meliorem
258 1413 422 1481 ordinem
439 1415 699 1482 consulendum
723 1431 804 1480 esse
832 1415 1005 1498 populum
1032 1418 1112 1483 sive
1141 1418 1179 1481 in

62 1517 297 1586 electionibus
313 1522 518 1605 Pastorum,
532 1523 612 1588 sive
628 1523 665 1587 in
695 1521 885 1588 Ecclesiae
913 1523 1101 1606 regimine,
1131 1540 1179 1588 ex

63 1641 124 1706 quo
137 1629 304 1712 sequitur
318 1630 498 1714 quaedam
511 1629 756 1713 dependentia
768 1648 791 1694 a
804 1630 952 1712 populo,
968 1647 1041 1695 non
1055 1630 1179 1713 utique

54 1733 223 1818 juridica,
243 1735 310 1802 sed
325 1753 426 1802 mere
442 1739 599 1818 moralia,
619 1737 764 1802 omnino
787 1736 987 1818 rejicienda
1003 1737 1113 1802 etiam
1140 1737 1179 1801 in

62 1836 123 1904 hoc
138 1859 265 1924 sensu,
285 1848 410 1926 utpote
427 1845 702 1926 inconveniens,
720 1843 894 1926 periculis
909 1844 1019 1927 plena
1035 1846 1073 1908 et
1088 1862 1113 1908 a
1138 1844 1178 1908 li·

63 1943 199 2014 bertate
215 1954 327 2034 atque
342 1952 483 2032 jnribus
501 1950 691 2016 Ecclesiae
710 1950 819 2033 plane
836 1951 976 2016 abeona
993 1951 1180 2032 (liberales

64 2053 232 2140 mitiores,
249 2056 311 2141 qui
324 2057 496 2124 catholici
509 2057 630 2123 adhuc
644 2056 762 2121 videri
779 2055 935 2140 volunt).

144 2164 225 2230 218.
290 2166 478 2231 Vocantur
493 2183 638 2232 errores
671 2163 1180 2248 aristocraticopresbyterales

67 2283 121 2332 seu
137 2273 396 2338 aristocratiae
412 2290 553 2355 parvae
570 2276 634 2338 aut
657 2269 854 2352 inferioris,
873 2271 934 2352 qui
950 2267 1180 2351 Presbyteris

67 2381 280 2453 potestatem
295 2381 483 2463 propriam
500 2380 676 2461 majorem
693 2379 754 2443 vel
768 2377 945 2442 minorem
968 2376 1182 2442 adscribunt

67 2479 98 2545 in
112 2487 364 2554 ecclesiastico
380 2487 569 2571 regimine.

147 2591 283 2660 Omnes
299 2599 434 2659 norunt
448 2593 697 2659 Tridentinam
714 2591 898 2675 Synodum
921 2591 1036 2656 veluti
1050 2591 1183 2674 dogma

68 2693 142 2763 idei
157 2700 343 2766 definiisse
358 2701 560 2785 Episcopus
584 2701 791 2783 superiores
826 2715 906 2764 esse
937 2697 1180 2779 Presbyteria,

68 2801 239 2892 simulque
255 2805 449 2873 hodiedum
466 2806 594 2872 haberi
611 2811 797 2888 tamquam
810 2803 1013 2868 doctrinam
1031 2801 1181 2866 catholi-

69 2922 139 2976 cam
156 2913 304 2980 omnino
321 2913 529 2995 tenendam,
543 2913 631 2978 licet
653 2925 915 2993 nonexpresse
944 2907 1181 2988 declaratam,

69 3011 157 3095 ipsos
173 3019 376 3103 Episcopus
400 3019 609 3102 superiores
634 3035 714 3084 asse
722 3019 807 3105 jure
825 3015 955 3096 divino,
974 3017 1051 3078 tam
1081 3016 1182 3097 pote·

69 3127 156 3190 state
172 3126 312 3192 ordinis
323 3144 434 3210 quam
446 3129 629 3209 potestate
638 3123 915 3207 jurisdictionis.

149 3232 230 3299 Hoc
247 3233 426 3317 principio
458 3231 833 3318 dogmatico-juridico
865 3227 1075 3309 constituto,
1108 3230 1184 3291 tres

72 3340 297 3416 gradationes
327 3341 551 3424 distinguere
573 3340 661 3404 licet
688 3340 726 3402 in
757 3353 883 3402 errore
915 3334 1183 3399 aristocratiae·

72 3447 310 3531 presbyterali
322 3465 437 3514 sanae
452 3447 641 3513 doctrinae
653 3449 913 3527 repugnantes.

152 3555 206 3620 1.⁰
252 3555 285 3620 A
300 3554 463 3620 veritate
474 3551 657 3618 catholica
674 3551 908 3616 desciverunt
924 3545 1100 3611 neoterici
1116 3545 1183 3626 illi,

72 3657 127 3737 qui
138 3660 319 3726 sustinent
330 3661 532 3745 Episcopus
544 3659 627 3741 jure
648 3658 771 3722 divino
786 3654 960 3738 aequales
985 3669 1065 3718 esse
1080 3652 1184 3716 Pres-

73 3759 215 3851 boterio,
231 3774 341 3852 atque
353 3771 506 3834 eatenus
518 3764 723 3831 concedunt
734 3761 1029 3845 superioritatem
1044 3762 1185 3822 tantum

71 3868 144 3948 iure
159 3873 425 3957 ecclesiastico,
444 3878 623 3958 quatenus
639 3870 793 3936 accedat
810 3883 1009 3934 consensus
1022 3867 1185 3930 caetero-

73 3991 144 4046 rum
156 3981 467 4065 presbyterorum,
497 3980 550 4044 ita
566 3981 617 4059 ut,
647 3979 755 4059 juxta
780 3972 976 4041 absurdum
1008 3969 1186 4053 ejusmodi

74 4089 305 4154 sectariorum
317 4091 572 4165 commentum,
591 4083 764 4167 Episcopi
786 4098 859 4146 non
892 4079 1008 4144 solum
1025 4077 1072 4142 ab
1104 4077 1187 4141 aliis

75 4199 292 4281 presbyteris
308 4199 527 4282 potestatem
543 4193 724 4276 recipiant
740 4204 857 4272 eaque
873 4185 1014 4270 possint
1025 4184 1187 4268 expolia-

76 4305 114 4388 ri,
131 4305 384 4375 verumetiam
402 4321 483 4369 eam
493 4315 667 4366 exercere
683 4298 878 4378 teneantur
910 4292 976 4359 tub
992 4281 1188 4374 vigilantia

1100 4399 1135 4448 al
