3030 4990
811 407 966 468 ..30-

328 547 530 635 catholicis,
550 573 648 638 aepo;
666 552 818 618 testibus
844 551 971 617 aulicis
1003 555 1040 617 et
1062 549 1246 632 regalistis
1262 550 1435 633 scriptori-

326 658 405 740 bus,
426 658 485 741 qui
500 659 585 740 jura
602 658 789 724 Ecclesiae
819 659 1027 725 inficiantur
1044 659 1103 724 vel
1121 659 1310 741 impetunt,
1329 661 1364 722 et
1379 657 1435 724 vin

327 769 390 828 aut
406 781 451 829 ne
470 765 532 829 vix
560 765 703 858 quidem
722 766 892 832 catholici
918 783 1048 831 nomen
1076 765 1247 846 retinent,
1266 785 1355 832 coac.
1375 761 1435 844 Qui

327 872 421 936 enirn
440 873 518 937 veri
544 871 715 938 catholici
733 873 896 956 audiunt,
912 872 1022 938 corde
1036 873 1189 939 credunt
1207 875 1243 935 et
1261 888 1323 936 ore
1340 872 1434 954 proli·

326 983 448 1045 tentur
476 980 677 1046 Ecclesiam
707 998 877 1063 suprema
906 981 1126 1046 auctoritate
1151 979 1291 1062 pollere
1315 975 1436 1042 Christi

231 1089 244 1100 '
326 1086 464 1168 fldeles,
484 1087 625 1152 etiamsi
643 1091 883 1170 imperatores
900 1088 960 1153 vel
977 1105 1082 1170 reges
1110 1087 1193 1168 sint,
1214 1085 1375 1168 regendi,
1394 1085 1437 1148 le·

326 1211 390 1276 ges
417 1193 595 1259 condendi
622 1194 776 1278 populos
794 1199 829 1260 et
847 1195 1013 1260 nationes
1039 1211 1180 1277 quoque
1206 1195 1387 1275 cogentes,
1406 1197 1438 1254 et

327 1301 474 1384 negotia
492 1302 663 1384 religiosa
677 1302 964 1385 independenter
982 1319 1003 1365 a
1020 1299 1122 1366 Statu
1140 1300 1240 1365 civili
1259 1299 1437 1365 moderan-

326 1409 374 1490 di;
394 1408 455 1492 qui
472 1413 591 1474 autem
611 1407 705 1473 hanc
719 1413 938 1492 potestatem
955 1407 1145 1472 Ecclesiae
1164 1407 1333 1490 eripiunt,
1352 1423 1436 1470 eam·

326 1517 449 1599 quein
479 1515 666 1599 Principes
683 1515 819 1580 saeculi
848 1516 1084 1596 transferunt,
1103 1514 1187 1579 fidei
1217 1513 1375 1596 dogmati
1399 1511 1438 1575 de

326 1623 544 1688 auctoritate
563 1622 735 1688 divinitus
765 1622 951 1688 Ecclesiae
981 1622 1116 1687 tradita
1145 1621 1389 1704 refragantur,
1408 1619 1439 1682 et

326 1731 500 1796 catholici
518 1731 663 1796 minime
681 1730 836 1796 vocandi
850 1734 945 1794 sunt.

414 1837 701 1920 Propositionem
721 1839 895 1903 minorem
913 1839 1044 1902 iterum
1062 1838 1158 1902 dist:
1175 1838 1275 1902 iacta
1292 1833 1439 1900 adducta

327 1945 526 2026 maj0ritati
543 1945 732 2010 Ecclesiae
750 1945 995 2010 adversantur
1008 1959 1045 2009 et
1062 1944 1356 2027 superioritatem
1368 1939 1438 2004 Sta-

326 2055 382 2114 tus
400 2051 568 2133 probant,
588 2053 755 2134 exposita
773 2057 809 2116 et
827 2053 1071 2133 interpretata
1088 2051 1182 2116 false
1199 2053 1236 2114 et
1246 2051 1351 2130 juxta
1366 2064 1439 2112 sen·

325 2175 404 2221 sum
423 2163 458 2222 et
483 2161 638 2224 mentem
666 2159 933 2224 neotericorum
952 2159 1140 2224 Ecclesiae
1159 2157 1326 2239 hostium,
1345 2175 1439 2236 coac,

325 2268 425 2328 recte
469 2265 655 2348 explicata
679 2267 787 2346 juxta
817 2284 942 2330 sanum
974 2265 1136 2330 critioern
1167 2271 1203 2329 et
1231 2262 1440 2328 catholicam

326 2371 541 2452 doctrinam,
560 2394 651 2457 repo.
668 2371 710 2436 Et
727 2393 809 2458 nepo
834 2391 1063 2456 consequens
1082 2376 1118 2438 et
1136 2371 1438 2456 consequentiam,

326 2477 411 2560 quia
440 2495 485 2542 ex
513 2480 722 2560 praemissis
751 2480 1063 2544 contradistinctis
1093 2483 1130 2545 et
1158 2481 1328 2545 insensu
1354 2478 1439 2543 falso

326 2589 435 2667 atque
448 2587 584 2666 rejecto
604 2588 784 2668 usurpatis
802 2585 959 2651 deducta
973 2589 1067 2652 sunt.

415 2689 554 2773 Object.
574 2710 619 2756 ex
631 2694 845 2780 lapidatione
863 2694 991 2776 petita.
1011 2693 1258 2758 Collectioues
1269 2690 1441 2774 juridioae

325 2797 421 2879 apud
440 2817 564 2862 omnes
581 2799 734 2880 populos
752 2799 872 2864 editae
898 2801 998 2883 leges
1025 2801 1071 2864 ad
1100 2817 1159 2864 res
1178 2797 1441 2864 ecclesiasticas

325 2908 533 2986 spectantes
552 2905 751 2987 continent,
770 2923 914 2970 necnon
932 2925 976 2970 ea
994 2923 1088 2990 quae
1112 2906 1149 2970 in
1167 2905 1332 2970 conciliis
1351 2903 1442 2987 prius

326 3009 474 3075 decreta
502 3012 660 3092 fuerant,
680 3012 906 3095 confirmant,
926 3013 1015 3096 ipsis
1033 3013 1215 3096 episcopis
1233 3030 1307 3076 non
1335 3011 1441 3076 solum

326 3116 627 3198 approbantibus
648 3135 775 3182 verum
800 3119 910 3184 etiam
928 3121 1063 3202 passim
1082 3120 1379 3202 exposcentibus,
1398 3115 1442 3180 uti

326 3222 437 3287 facile
453 3224 580 3288 videre
599 3230 666 3306 est,
686 3225 837 3292 Codices
855 3229 1047 3293 Theodosii
1064 3236 1100 3293 et
1115 3229 1136 3294 J
1141 3229 1315 3293 ustiniani
1332 3229 1368 3292 iu
1384 3225 1442 3290 Ro·

325 3346 431 3393 mano
449 3331 620 3414 Imperio,
642 3331 869 3417 Capitularia
887 3335 1009 3401 Caroli
1025 3337 1149 3419 Magni
1167 3337 1203 3401 in
1232 3335 1366 3417 Gallia,
1386 3333 1443 3399 Oo-

326 3435 442 3500 dicem
459 3439 677 3505 Partiturum
694 3441 731 3505 in
748 3442 938 3525 Hispania,
959 3448 1069 3528 atque
1088 3449 1228 3509 statuta
1245 3461 1340 3527 quae
1358 3443 1444 3507 inter

325 3541 759 3626 Longoba1·doS,Gothos
784 3549 948 3633 aliasque
978 3552 1155 3633 plurimas
1180 3556 1311 3633 gentes
1330 3551 1443 3632 vigue-

326 3654 421 3731 runt,
440 3651 674 3733 consulend03
692 3653 801 3734 igitur
815 3658 1050 3738 magistratus
1068 3659 1281 3723 saeculares
1299 3664 1336 3722 et
1347 3655 1444 3739 legis·

326 3757 463 3820 latores
476 3757 615 3838 politici
629 3777 854 3845 quocumque
869 3768 1032 3846 tempore
1047 3770 1083 3829 et
1097 3784 1210 3848 penes
1224 3770 1377 3832 cunctas
1390 3781 1444 3829 na·

328 3861 444 3925 tiones
462 3880 541 3926 sese
559 3865 811 3932 existimarunt
827 3869 1110 3953 independentia
1127 3875 1317 3956 praeditos
1334 3867 1446 3957 quoad

311 3967 499 4060 ¹religiosa
529 3971 687 4052 negotia,
707 3972 812 4038 immo
830 3993 918 4040 vero
945 3980 1166 4044 auctoritate
1195 3979 1392 4065 principali
1414 3979 1446 4040 et

327 4072 511 4154 superiori
527 4074 721 4142 instructos
739 4097 827 4163 erga
840 4082 956 4165 ipsam
973 4084 1191 4153 Ecclesiam.

423 4179 530 4262 Resp.
565 4182 657 4248 Dist.
692 4177 923 4255 antecedens:
958 4196 1191 4276 praelaudati
1225 4196 1379 4263 Codices
1412 4195 1444 4256 et

331 4303 579 4371 quaecumque
598 4287 836 4358 Collectiones
855 4314 948 4379 quac
965 4301 1002 4365 in
1017 4304 1177 4370 medium
1194 4304 1356 4390 proferri
1373 4318 1444 4387 pos·
