3146 4980
817 413 997 474 ao-

347 567 421 622 tam
439 559 475 622 in
491 556 693 621 Ecclesiam
711 554 936 623 Catholicam
954 558 1205 640 hostilitatem,
1220 563 1329 642 atque
1353 560 1470 642 publi·
1541 539 1542 552 ¹

347 683 427 730 cam
445 664 702 746 guberniorum
719 665 941 746 apostasiam
960 672 1267 730 consummarunt.

437 769 530 834 Hinc
546 779 706 852 systema
722 769 876 834 liberale
892 769 989 853 apud
1017 771 1185 836 nationes
1202 770 1402 836 catholicas
1428 776 1471 835 et

348 877 557 941 recientiuri
574 875 716 959 epocha
742 875 934 940 dumtaxat
957 877 1124 956 invaluit3
1144 882 1182 940 at
1200 893 1351 959 prorsus
1367 878 1465 959 igno-

348 991 421 1048 tum
440 985 508 1047 luit
539 995 613 1047 tum
642 983 809 1064 gentibus
842 984 1014 1066 antiquae
1046 983 1296 1066 superstitioni
1326 983 1468 1066 deditis,

348 1097 422 1155 tum
436 1089 580 1172 populis
596 1089 783 1154 schismati
797 1090 857 1154 vel
875 1089 1018 1154 haeresi
1035 1089 1201 1170 addictis;
1232 1090 1365 1154 etenim
1394 1098 1464 1154 tam

348 1198 434 1262 illae
452 1215 559 1279 quam
576 1197 635 1260 isti
654 1196 777 1280 utique
791 1197 827 1261 in
844 1194 1110 1262 Caesarismum
1124 1197 1218 1279 lapsi
1235 1205 1330 1278 sunt,
1347 1205 1464 1261 aucto·

348 1303 494 1368 ritatem
512 1303 720 1386 religiosam
734 1303 771 1366 in
784 1309 965 1384 potestate
983 1303 1083 1366 civili
1116 1314 1371 1384 agnoscentes;
1404 1303 1465 1366 sed

348 1427 531 1494 nunquam
549 1410 826 1474 docueruntaut
850 1409 1005 1491 professi
1029 1417 1113 1473 sunt
1130 1426 1291 1473 errorem
1322 1413 1466 1492 proprie

347 1517 548 1596 liberalem,
567 1533 709 1598 nempe,
727 1514 866 1580 Statum
897 1534 919 1578 a
946 1515 1134 1597 Religione
1162 1515 1466 1598 independenter}

347 1639 428 1688 esse
446 1625 505 1688 vel
522 1640 629 1705 posse
645 1641 667 1687 a
683 1623 871 1705 Religione
889 1621 1160 1703 praescindere:
1191 1623 1282 1686 haec
1308 1624 1462 1686 tristissi-

347 1747 406 1793 ma
423 1731 552 1810 gloria,
572 1730 631 1794 vel
650 1729 784 1794 rectius
803 1729 945 1810 loquar,
965 1729 1050 1802 talis
1074 1745 1119 1792 ac
1137 1735 1241 1792 tanta
1270 1730 1464 1810 ignominia
1542 1731 1543 1762 ³

348 1834 568 1912 nationibus,
600 1834 836 1916 principibus,
856 1834 1127 1914 legislatoribus
1152 1845 1189 1898 et
1205 1835 1466 1916 imperantibus

348 1939 538 2004 catholicis
555 1949 748 2004 asservata
765 1951 858 2018 erat,
878 1941 938 2022 qui
957 1949 1039 2022 post
1056 1938 1177 2003 XVlII
1193 1941 1344 2004 saecula
1356 1941 1461 2004 cultu·

347 2061 412 2110 rae
428 2045 650 2110 christianae
667 2051 704 2110 ct
721 2047 812 2110 lucis
828 2047 1068 2127 evangelicae
1087 2046 1210 2110 rudius
1228 2063 1272 2110 ao
1290 2049 1426 2128 turpius
1441 2065 1466 2108 a

348 2153 477 2217 semita
491 2153 657 2217 veritatis
674 2154 711 2216 in
740 2169 780 2216 re
797 2152 970 2234 religiosa
1002 2152 1232 2234 aberrarunt,
1261 2171 1370 2235 quam
1398 2153 1461 2236 ipsi

349 2255 483 2323 Graeci
500 2269 536 2323 et
549 2259 700 2324 Romani
715 2261 752 2324 in
780 2260 993 2341 paganismo
1008 2259 1083 2322 nati
1102 2267 1214 2342 atque
1246 2261 1375 2342 edocti,
1404 2261 1458 2322 vel

350 2374 496 2429 veteres
519 2363 712 2430 Schismati
729 2381 765 2429 et
781 2365 968 2430 Haeretici
996 2382 1062 2447 per
1087 2383 1265 2431 summum
1291 2367 1389 2432 neias
1414 2366 1462 2428 ah

350 2471 489 2535 unitate
502 2471 585 2534 fidei
598 2477 635 2535 et
652 2471 913 2536 communionis
931 2469 1113 2553 disiuncti.

436 2575 602 2642 Diximus
619 2594 762 2659 quoque
777 2577 846 2642 hoc
863 2585 1037 2659 systema,
1052 2579 1122 2643 etsi
1139 2579 1388 2660 novissimum,
1412 2595 1455 2643 es·

347 2699 387 2748 se
403 2685 560 2748 omnium
572 2684 922 2768 perniciosissimum,
935 2684 1022 2767 quia
1039 2685 1190 2767 reliquis
1204 2687 1462 2769 antiquioribus

347 2790 551 2873 iniquitate,
571 2792 808 2874 perversione
825 2799 863 2856 st
879 2793 1089 2858 calamitate
1123 2801 1298 2876 praestat3
1330 2801 1367 2859 et
1392 2793 1458 2876 qui·

348 2899 428 2963 dem
446 2900 662 2982 ubicumque
674 2909 861 2981 receptum
879 2900 946 2964 luit
962 2899 1013 2982 (et
1031 2900 1229 2965 notandum
1252 2899 1343 2965 illud
1371 2899 1462 2964 latis·
1543 2915 1544 2962 l

349 3007 439 3070 sime
451 3007 661 3088 imperare),
680 3005 869 3072 Ecclesiae
897 3007 1181 3072 infensissimum
1197 3005 1460 3085 sesesxhihuit,
1543 3029 1544 3096 3

349 3111 546 3176 salutarem
565 3114 752 3196 religionis
770 3113 943 3178 influxum
973 3113 1100 3178 minuit
1132 3113 1193 3178 vel
1223 3109 1459 3196 praepedivit,
1543 3121 1544 3126 ’

348 3235 467 3282 mores
495 3217 727 3300 depravavit,
746 3218 909 3284 ordinem
938 3219 1112 3285 socialem
1145 3219 1339 3301 subvertit,
1371 3223 1458 3282 tran·
1543 3201 1544 3210 ¹

347 3323 563 3408 quillitatem
581 3325 763 3407 publicam
780 3326 943 3390 turbavit
967 3326 1028 3390 vel
1057 3326 1093 3390 in
1112 3325 1307 3390 discrimen
1335 3325 1459 3408 posuit,

343 3431 522 3513 justitiam
539 3439 575 3496 et
587 3431 940 3498 administrationem
954 3433 1129 3514 corrupit,
1143 3431 1310 3496 nationes
1320 3445 1457 3495 concus-

347 3539 403 3619 sit,
422 3538 605 3620 principes
625 3539 802 3602 advorsus
819 3537 982 3602 subditos
1000 3547 1037 3602 et
1054 3538 1207 3621 populos
1222 3551 1351 3602 contra
1374 3551 1456 3600 sum·

348 3661 424 3710 mos
436 3647 658 3727 imperantes
671 3645 884 3724 concitavit,
899 3645 1135 3710 rebellionem
1150 3645 1391 3727 undequaque
1399 3639 1458 3705 dil·

347 3751 451 3830 ludit,
470 3750 688 3830 summatim,
722 3751 900 3833 pessimos
931 3751 1166 3833 irreligionis,
1199 3745 1461 3816 immoralitatis

347 3862 457 3940 atque
469 3855 816 3922 insubordinationis
828 3858 969 3922 fructus
981 3857 1238 3939 superabunde
1257 3857 1351 3922 tulit.

435 3963 512 4028 253.
560 3963 790 4049 specificatio.
825 3962 882 4028 Ad
908 3979 1070 4028 errorem
1090 3962 1181 4028 adeo
1195 3963 1382 4028 exitialem
1405 3975 1456 4042 pe-

348 4066 444 4132 nitus
475 4068 758 4150 dignoscendum
787 4069 891 4134 etita
923 4069 1098 4134 radicitus
1130 4069 1374 4150 evellendum,
1404 4080 1457 4130 ne·

347 4173 546 4238 cessarium
564 4174 709 4238 omnino
738 4171 901 4240 ducimus
931 4173 1115 4258 inquirere
1147 4192 1192 4240 ac
1223 4174 1459 4241 determinare

345 4279 586 4363 quasnamsit
602 4297 693 4346 vera
706 4285 840 4346 natura
853 4297 918 4346 seu
934 4281 1127 4346 character
1143 4281 1349 4348 essentialis
1364 4277 1458 4344 Libe·
