3120 4988
574 431 731 490 ..m-

113 571 185 656 quin
201 573 236 639 in
253 591 378 641 eorum
403 578 616 642 oeconomia
632 580 669 642 et
686 595 751 642 usu
771 575 817 642 ab
834 575 908 643 alia
924 576 1101 642 societate
1127 593 1213 661 pen·

111 680 193 764 deat,
223 699 290 749 nec
315 685 484 766 repetere
511 687 681 748 teneatur
709 685 782 769 (qui
814 684 1148 767 crediderit-fides,
1183 692 1214 751 et

111 790 289 874 baptizatus
298 767 701 877 fuerit-sacramenta,
717 791 1140 874 docete-magisterium,
1153 791 1214 857 hoc

108 898 475 982 [acite-sacrificium,
501 921 641 966 seruare
670 901 1067 984 omnio-praecepta,
1114 921 1213 985 quoe-

111 1025 237 1090 cumque
266 1006 621 1092 lipaeeritia-leges
639 1005 905 1090 disciplinam,
925 1008 1006 1072 dum
1031 1007 1140 1074 iucem
1157 1007 1216 1072 ha—

111 1114 184 1178 betis
213 1124 350 1200 operate
378 1115 656 1181 bouum-bona
695 1115 835 1200 opera):
866 1117 1023 1181 societas
1054 1116 1164 1198 igitur
1192 1133 1214 1179 a

112 1215 239 1284 Christo
255 1220 410 1285 Domino
428 1221 594 1286 instituta
611 1238 699 1286 vere
716 1224 753 1285 et
768 1220 916 1304 proprie
946 1221 1112 1304 perfecta
1144 1225 1211 1304 cst,

112 1342 255 1408 cumpro
273 1344 313 1392 se
327 1325 471 1410 habeat,
483 1327 591 1410 juxta
603 1326 786 1392 naturalia
802 1327 984 1411 principia
1001 1333 1037 1394 et
1050 1331 1216 1411 apertum

113 1436 210 1515 atque
233 1433 402 1499 unanime
425 1434 638 1515 Juristarum
669 1433 926 1518 testimonium,
957 1436 1136 1500 eaomuia
1162 1451 1216 1498 re·

113 1539 243 1622 quisita,
260 1558 355 1623 quac
373 1540 419 1604 ad
436 1541 630 1605 societates
647 1541 685 1605 in
713 1541 783 1606 hoe
798 1540 914 1623 gradu
944 1539 1218 1606 constituendas

113 1644 362 1712 desiderantur.

190 1751 241 1817 31.
287 1752 440 1818 Praeter
456 1757 707 1837 argumentum
724 1753 932 1836 juridicum,
952 1753 1095 1819 ratione
1113 1754 1217 1837 duce,

116 1858 211 1939 plane
229 1859 429 1925 ostenditur
456 1861 632 1943 perfectio
650 1860 851 1942 Ecclesiae,
889 1865 1075 1944 tamquam
1102 1860 1218 1944 legiti-

115 1983 198 2031 mum
211 1968 472 2033 consectarium
486 1966 729 2033 distinctionis
743 1967 929 2060 societatis
943 1968 1218 2033 ecclesiasticae

115 2073 309 2138 asoeietate
328 2073 428 2138 civili
446 2073 482 2138 in
496 2074 649 2138 articulo
664 2073 899 2156 praecedenti
931 2075 1216 2157 demonstratae;

116 2179 233 2244 etenim
243 2180 515 2245 tundamentum
531 2184 567 2244 et
580 2198 691 2245 causa
702 2180 906 2262 hujusmodi
916 2181 1158 2247 distinctionis
1169 2186 1220 2246 to-

115 2289 146 2348 ta
157 2286 221 2350 sita
233 2293 286 2351 est
301 2285 339 2352 in
355 2291 487 2351 natura
501 2287 689 2370 peculiari,
709 2288 746 2352 in
760 2289 840 2371 ipsa
865 2289 1138 2370 specificatione
1154 2287 1219 2352 Ec-

115 2387 268 2454 clesiaea
285 2388 428 2454 Christo
445 2389 645 2454 institutae:
667 2389 787 2473 agitur
802 2391 968 2474 equidem
985 2391 1028 2456 de
1042 2391 1219 2456 societate

116 2515 273 2581 suprema,
292 2519 373 2579 una,
392 2499 596 2580 uniuersali,
616 2503 725 2582 atque
743 2501 1020 2583 supernaturali,
1040 2517 1136 2583 quae·
1150 2519 1221 2566 em·

117 2602 168 2665 nia
194 2603 430 2669 omnimodam
457 2605 719 2687 perfectionem
749 2609 785 2669 et
801 2605 947 2688 plenam
975 2606 1220 2689 independen-

117 2709 195 2774 tiam
209 2711 487 2776 ineluctabiliter
502 2711 754 2794 expostulant,
772 2713 825 2777 uti
842 2713 953 2776 facile
971 2714 1164 2778 evincitur.

198 2816 240 2881 1.⁰
284 2817 465 2882 Probatur
481 2817 658 2900 perfectio
672 2817 861 2883 Ecclesiae
880 2836 926 2883 ex
940 2819 1018 2898 eJus
1047 2840 1222 2904 suprema·

118 2921 171 2986 tio:
187 2925 336 2990 societas
364 2941 535 3006 suprema
551 2925 716 3008 perfecta
747 2931 814 3007 est;
835 2925 936 3007 atqui
969 2923 1135 2992 Ecclesia
1168 2930 1223 2990 cst

118 3029 258 3097 societas
273 3049 457 3116 suprema;
477 3049 563 3114 ergo
581 3031 747 3115 perfecta
765 3036 831 3096 est.

198 3136 298 3205 Prob.
319 3141 404 3222 maj.
423 3137 585 3204 Societas
602 3141 779 3222 perfecta,
810 3144 849 3204 ut
880 3156 997 3222 nuper
1025 3139 1223 3223 explicavi-

120 3259 199 3328 mus,
216 3265 257 3312 ea
272 3248 404 3314 dicitur
422 3265 515 3330 quae
549 3251 732 3330 potestate
749 3247 945 3330 principali
973 3265 1038 3311 seu
1054 3264 1144 3312 vero
1162 3247 1222 3311 im·

121 3352 209 3430 perio
225 3371 289 3436 pro
307 3353 477 3436 regendis
494 3353 602 3418 sociis
621 3353 745 3436 pollet,
763 3352 934 3418 adfinem
952 3354 1169 3436 completum
1189 3357 1225 3417 et

121 3457 346 3543 adaequatum
364 3462 401 3525 in
418 3479 483 3526 suo
498 3460 624 3525 ordine
646 3461 796 3525 alterius
822 3460 1008 3526 societatis
1036 3460 1097 3524 tini
1125 3460 1224 3524 mini·

122 3582 170 3630 me
185 3569 451 3635 subordinatum
467 3569 592 3651 tendit,
612 3573 721 3651 atque
738 3569 773 3632 in
805 3567 1001 3650 semetipsa
1028 3567 1147 3631 media
1165 3584 1224 3632 ne·

122 3677 265 3740 cessaria
282 3675 393 3741 habet
408 3694 473 3759 pro
487 3676 769 3740 conservatione
783 3681 819 3739 et
833 3674 913 3739 finis
925 3673 1064 3758 proprii
1082 3691 1224 3738 assecu-

123 3777 207 3844 tione
235 3783 342 3847 itaut
359 3801 403 3848 ea
424 3800 492 3848 uec
510 3781 556 3847 ab
587 3782 661 3847 alia
688 3782 863 3847 societate
896 3781 1063 3864 recipiat,
1089 3798 1157 3845 nec
1188 3781 1226 3847 in

124 3899 231 3954 eornm
247 3909 313 3956 usu
325 3893 361 3955 et
379 3890 604 3973 aplicatione
621 3889 792 3971 pendeat;
812 3889 913 3972 atqui
930 3891 1086 3954 societas
1103 3906 1225 3972 supre-

124 4007 172 4057 ma
199 3996 348 4080 imperio
376 3996 636 4080 propriedioto
654 3996 789 4080 gaudet
824 3996 870 4060 ad
899 3996 1017 4060 socios
1045 3995 1226 4078 cogendos

126 4113 178 4177 pro
192 4104 331 4183 juribus
349 4104 542 4169 servandis
560 4106 597 4168 et
614 4103 743 4168 officiis
773 4103 1027 4186 adimplendis,
1046 4102 1092 4166 ad
1119 4103 1227 4166 linem

127 4203 283 4277 directum
303 4213 462 4277 omnium
481 4212 814 4294 completissimum,
833 4210 949 4293 idest,
966 4211 1133 4274 adfinem
1146 4209 1226 4273 ulti·

126 4327 203 4384 num
221 4319 333 4402 ducit,
353 4319 445 4383 adeo
466 4323 504 4383 ut
522 4317 568 4382 ad
586 4319 694 4382 aliam
713 4317 927 4382 societatem
943 4315 1157 4381 nullomodo
1172 4332 1226 4379 or·
