3030 4990
546 401 722 460 -173-

78 545 278 612 habendam
309 545 645 629 etpraedieandam
676 563 757 612 esse
781 546 925 612 ratione
947 548 1099 634 jurium,
1129 546 1198 612 hoc

78 658 139 735 est,
157 657 327 737 spectate
341 657 524 736 potestate
541 655 737 738 adaequata
757 656 793 718 et
821 655 1000 739 completa,
1036 673 1108 738 qna
1139 671 1196 720 cu-

77 759 313 825 mulatissime
331 763 367 824 et
383 759 548 825 absolute
565 761 701 844 gaudet
713 761 869 826 societas
884 780 906 825 a
921 759 1063 826 Christo
1077 761 1196 826 Domi-

77 886 119 932 no
133 867 281 932 condita
298 871 373 932 tum
392 885 438 932 ex
450 867 529 951 ipsa
542 885 608 932 sua
621 877 762 951 cataro,
781 872 855 933 tum
873 885 920 933 ex
948 869 1107 951 positiva
1137 869 1197 934 Di·

77 975 147 1039 vini
163 975 245 1056 ejus
257 972 478 1040 Fundatoris
495 976 679 1041 voluntate.

159 1081 335 1163 Primum,
354 1099 497 1165 nempe,
517 1081 720 1147 Ecclesiam
738 1085 867 1165 suapte
892 1082 1051 1164 juridica
1066 1086 1199 1147 natura

78 1193 256 1271 potestate
275 1189 483 1272 adaequata
512 1194 549 1252 et
581 1189 764 1272 completa
787 1189 926 1270 pollere
960 1189 1023 1254 vix
1054 1189 1197 1254 demon·

78 1298 252 1362 stratione
262 1296 415 1380 indiget,
426 1302 617 1380 postquam
631 1297 811 1381 principia
822 1296 914 1378 jnris
942 1297 1119 1362 naturalis
1130 1297 1199 1362 hac

79 1421 182 1488 snper
195 1423 237 1469 re
255 1405 495 1470 communiter
511 1408 664 1488 recepta
681 1423 794 1488 supra
807 1405 885 1470 fuse
903 1407 1071 1488 exposita
1102 1409 1196 1470 sunt.

79 1511 168 1577 Satis
183 1513 255 1577 erit
272 1512 496 1578 levissimam
515 1513 769 1595 probationem
787 1513 824 1576 in
853 1513 1062 1578 memoriam
1095 1531 1198 1578 revo-

81 1635 172 1684 care:
182 1619 354 1684 Potestas
365 1619 572 1703 adaequata
586 1620 780 1701 cujuslibet
796 1620 982 1686 societatis
997 1621 1197 1713 perfectae,

80 1726 164 1790 utin
181 1745 248 1792 suo
266 1743 402 1810 genere
418 1727 465 1790 sit
478 1744 567 1793 vere
599 1743 769 1809 suprema
798 1731 907 1811 etque
935 1726 1197 1810 independens,

80 1833 209 1916 triplici
224 1834 490 1918 Jurepraedita
520 1851 600 1900 esse
618 1833 738 1915 debet,
758 1834 842 1916 jure
874 1836 974 1917 leges
1007 1834 1197 1917 condendi,

79 1940 153 2020 jure
163 1940 342 2023 judicium
355 1941 508 2023 ferendi,
524 1942 650 2023 etjure
661 1942 862 2006 sententias
881 1941 1104 2024 exsequendi
1117 1959 1199 2024 poe-

82 2063 216 2130 nasque
231 2048 526 2131 delinquentibus
540 2053 576 2112 et
594 2048 866 2113 contumacibus
885 2047 1082 2130 infligendi:
1100 2047 1201 2130 atqui
1294 2047 1299 2057 '

83 2151 241 2219 Ecclesia
253 2155 360 2237 juxta
378 2155 675 2219 demonstratam
689 2156 810 2237 capite
827 2154 843 2218 I
861 2160 916 2219 est
932 2155 1089 2220 societas
1111 2155 1200 2236 juri·

84 2259 156 2326 dice
172 2264 353 2345 perfecta,
372 2281 394 2326 a
407 2261 509 2328 Statu
525 2263 674 2346 politico
693 2263 801 2345 plane
820 2262 991 2326 distincta
1009 2268 1045 2326 et
1057 2263 1200 2328 ratione

83 2368 155 2434 linis
171 2371 341 2435 altissimi
358 2371 525 2453 superior
541 2389 770 2455 quacumque
788 2370 861 2435 alia
873 2369 1033 2435 bumana
1049 2373 1200 2438 societa-

86 2477 126 2557 te;
144 2479 255 2562 igitur
273 2477 344 2560 ipsi
375 2495 440 2561 pro
473 2495 538 2542 suo
570 2479 641 2543 fine
669 2479 940 2561 supernaturali
973 2478 1200 2562 assequendo

86 2586 281 2651 certissima
308 2585 482 2669 competit
510 2586 644 2670 triplex
673 2586 843 2668 facultas,
859 2604 953 2668 quae
982 2591 1201 2670 potestatem

85 2691 322 2777 adaequatum
354 2693 390 2758 in
409 2693 506 2759 omni
520 2693 695 2758 societate
713 2694 879 2777 perfecta
893 2693 1078 2777 inaequali
1093 2713 1136 2759 ac
1151 2696 1200 2759 in·

86 2796 298 2884 dependenti
304 2801 511 2882 coustituit,
529 2800 715 2884 videlicet,
734 2804 895 2884 potestas
912 2802 1120 2888 tepiatotioa,
1140 2819 1200 2884 po-

86 2911 189 2974 testas
213 2909 403 2996 Jade‘ciuiis
421 2912 458 2973 et
473 2913 642 2991 potestas
654 2911 821 2992 coacttvo;
851 2908 1006 2992 ideoque
1034 2908 1100 2974 sub
1133 2909 1202 2975 beo
1330 2950 1334 2958 -

88 3017 186 3082 etiam
199 3021 370 3099 respectu
387 3015 559 3102 Suprelna
575 3020 642 3082 est.

70 3162 78 3177 ·
167 3125 244 3189 101.
292 3123 443 3188 Praeter
472 3128 591 3187 autem
607 3123 800 3206 Juridicam
830 3127 999 3188 naturam
1024 3125 1201 3207 atquem·

88 3229 202 3296 timam
236 3230 425 3296 Ecclesiae
454 3231 760 3310 constitutionem,
793 3248 858 3312 pro
888 3229 1094 3314 adaequata
1124 3231 1201 3312 ejus

89 3341 263 3416 potestate
282 3336 505 3402 vindicanda
517 3337 620 3400 nobis
638 3337 799 3420 suppetit
812 3337 905 3400 alius
919 3337 999 3402 sons
1013 3354 1201 3420 argumen-

91 3443 241 3526 tationis,
272 3444 508 3514 nitidissimus
539 3447 647 3526 atque
676 3443 890 3526 uberrimus,
917 3450 953 3508 et
983 3445 1126 3527 quidem
1155 3444 1201 3509 ab

90 3550 229 3615 exordio
243 3550 430 3633 religionis
445 3550 667 3615 christianae
685 3549 731 3614 ad
749 3569 814 3615 nos
833 3569 945 3634 usque
964 3554 1139 3632 perpetuo
1158 3569 1202 3616 ac

91 3652 327 3723 indesinenter
340 3657 556 3723 scaturiens.
576 3657 785 3738 Enimvero,
799 3661 1027 3740 argumenta,
1047 3674 1139 3740 quae
1156 3673 1201 3721 ex

91 3759 307 3830 ineluctabili
336 3771 447 3848 atque
476 3765 620 3847 publico
650 3767 748 3829 facto
782 3764 929 3829 divinae
953 3764 1200 3846 institutionis

92 3865 152 3934 boc
167 3879 234 3954 est,
249 3890 296 3936 ex
313 3872 472 3954 positiva
490 3869 624 3936 Christi
641 3871 830 3937 voluntate
848 3870 1096 3953 desumuntur,
1110 3872 1201 3936 adeo

93 3973 265 4044 luculenta
281 3983 377 4061 sunt,
397 3984 529 4044 utrem
546 3985 708 4044 nostram
739 3980 848 4061 plane
866 3979 1072 4061 conficiant,
1092 3996 1203 4062 quan·

3 4093 5 4150 ζ
94 4083 271 4170 doquidem
300 4088 490 4154 evidenter
520 4089 714 4154 ostendunt
742 4089 957 4171 Ecclesiam,
977 4088 1054 4152 Deo
1084 4087 1201 4169 dispo·

3 4255 4 4264 ,
94 4203 202 4279 nante,
222 4197 330 4281 longo
346 4195 576 4262 saeculorum
594 4201 726 4278 tractu,
743 4197 910 4261 nimirum
928 4214 949 4259 a
967 4195 1040 4259 suis
1055 4195 1200 4258 incuna-

3 4307 4 4320 ³
98 4297 179 4369 bulis
196 4305 241 4370 ad
258 4309 385 4371 nostra
401 4322 515 4388 usque
533 4309 698 4388 tempora
716 4311 752 4370 et
769 4305 977 4388 insignitam
997 4309 1033 4368 et
1049 4303 1201 4385 potitam
