958 1413
380 211 542 230 Ecclesiasticum
552 212 666 234 tradidere,
687 217 727 230 non
747 211 811 230 dedu-

380 243 446 261 rinam
456 248 483 261 ex
493 243 540 267 ipsa
558 243 588 262 rei
607 245 691 265 natura,
712 243 751 261 hoc
770 245 811 265 est,

380 274 463 293 ›rimum
478 274 614 298 generalibus
633 274 744 298 principiis
763 279 812 292 cum

380 311 391 328 ι,
403 305 494 329 deinque
512 305 615 324 derivatis
632 305 810 327 conclusionibus,

380 341 402 355 as
410 336 568 359 disquisitiones
578 336 600 355 in
616 336 658 355 illis
675 336 742 355 veluti
760 341 812 360 quo-

380 373 404 386 ne
414 367 505 386 inclusas
516 373 553 391 per
567 367 638 386 varios
657 367 736 391 gradus
754 367 812 385 evol-

380 404 412 417 em
423 401 489 417 totam
507 398 591 423 placitis
603 399 646 417 suis
660 398 813 417 conformando

380 429 390 447 >i
401 430 498 448 veritatis
515 432 536 448 et
555 429 657 448 scientiae
676 429 812 452 detrimento;

380 463 468 484 ipectato
477 460 525 484 jure
542 460 580 479 sub
591 460 704 479 arbitrario
714 463 814 484 respectu

380 492 486 510 rdiversas
494 494 515 510 ct
523 491 642 515 singulares
647 491 757 516 opiniones
765 496 814 515 pas-

389 525 497 546 tamquam
508 522 611 546 principia
619 525 685 545 certa,
697 525 718 540 et
727 522 815 541 aliunde

380 554 397 572 el
406 554 508 572 minorem
524 554 625 572 scientiae
636 554 750 572 canonicae
765 559 814 577 par-

382 585 506 608 ngeniosam
512 585 638 608 scriptorum
644 585 813 609 conceptionem,

380 616 387 634 i
397 621 466 640 posse,
477 615 514 634 sed
524 618 590 634 totam
597 615 708 639 complecti
717 618 738 634 et
746 615 815 639 expli·

380 649 395 665 it
411 652 437 665 ne
447 646 484 665 vix
494 646 579 670 quidem
589 651 657 670 posse:
676 646 725 664 hinc
741 651 816 665 amore

390 677 539 701 praeconcepti
556 677 666 696 scientiam
676 677 744 701 ipsam
754 677 816 696 adul-

380 714 420 727 esse
431 711 469 731 est,
482 709 564 727 fucatos
582 708 616 726 vel
627 708 731 727 violentos
742 714 816 727 rerum

380 745 448 762 onere,
458 740 557 763 ipsasque
564 739 665 758 veritates
672 739 771 758 mutilare
780 740 816 758 vel

380 785 384 793 ‚
394 770 478 794 quando
487 770 572 794 proprio
580 770 691 794 systemati
699 770 732 789 vel
740 771 816 794 singu—

380 802 417 820 :iae
427 806 532 819 consonae
540 807 581 820 non
592 801 704 820 habentur.

380 837 395 850 mi
406 832 469 850 etiam
480 832 501 850 in
512 832 638 856 explicando
653 832 705 851 Jure
724 832 815 851 Publico

380 863 489 887 principiis
498 863 556 882 ,Iuris
566 863 674 881 Naturalis
693 863 815 882 tribuentes

380 899 385 912 1
394 894 437 912 vim
446 894 585 912 neeessariam
594 897 614 912 et
621 894 701 917 justum
711 894 815 917 valorem,

393 925 429 944 sed
439 927 506 943 totam
525 925 677 949 praestantiam
688 928 709 943 et
729 926 816 949 potissi-

380 961 394 978 i,
404 956 478 974 melius
490 956 588 974 videntur
598 961 670 974 curam
685 956 817 980 impendisse

380 987 397 1005 lo
405 986 506 1005 tractatui
517 986 542 1004 dc
553 986 605 1005 Jure
624 987 728 1009 Naturali,
749 992 817 1011 quam

380 1017 403 1036 [lo
414 1017 473 1042 operi
483 1023 547 1041 supra
557 1017 595 1036 Jus
606 1017 787 1037 Ecclesiasticum.

383 1048 405 1067 lli
414 1048 500 1072 insuper
510 1048 656 1067 Institutiones
667 1049 693 1067 de
707 1049 760 1068 Jure
777 1049 818 1068 Pu-

382 1079 467 1097 siastico
478 1079 633 1103 pervulgarunt
643 1080 758 1104 praecipue
769 1086 818 1099 ver<

380 1115 390 1128 a
400 1110 535 1134 quaestiones
554 1110 667 1133 practices,
685 1115 741 1134 quae
760 1111 820 1130 inter

380 1143 401 1159 et
417 1140 500 1159 Statum
515 1140 594 1164 agitari
613 1140 689 1164 solean
710 1142 819 1165 ejusmodi

380 1171 437 1190 (alde
447 1171 546 1190 deficiens
556 1174 577 1189 et
592 1176 605 1189 a
623 1174 682 1190 recta
701 1172 819 1197 disciplina.
