3030 4990
570 445 601 452 ..
631 412 686 466 139
710 443 745 452 ..-

119 571 188 618 num
204 553 375 620 minorum
393 557 540 638 mantio,
560 559 615 620 ost
641 553 806 637 Epistola
835 553 870 618 S.
890 551 1048 620 Cornelii
1075 554 1122 619 ad
1153 553 1217 619 sa

118 661 197 725 bium
213 662 476 729 Antiochenam
493 665 685 729 occasione
710 662 916 726 schismatis
935 661 1133 727 Novatiani
1158 681 1220 726 an·

118 785 154 831 no
169 767 226 833 252
241 769 391 852 scripta:
409 767 435 851 l)
454 769 662 835 testimonia
690 769 958 851 quamplurima
989 776 1024 833 et
1052 771 1220 852 frequen-

117 875 236 940 tissima
257 875 368 941 totius
396 876 636 960 antiquitatis,
656 877 693 940 in
712 875 842 958 quibus
860 877 995 958 passim
1013 876 1141 942 videro
1166 879 1222 941 est

116 980 195 1046 hanc
212 985 460 1066 assertionem
478 988 502 1063 ⁰)
520 983 803 1048 inconstantiam
822 987 858 1046 et
871 983 1091 1047 varietatem
1108 983 1145 1047 in
1160 1001 1222 1046 nu·

116 1107 198 1154 nero
215 1090 379 1156 ordinum
394 1092 570 1157 minorum
585 1095 661 1156 tum
678 1089 774 1174 apud
793 1087 967 1172 Graecos,
985 1091 1047 1173 qui
1060 1091 1128 1154 duo
1144 1095 1220 1155 tan·

115 1213 185 1277 pum
201 1200 448 1280 agnoscebant
464 1198 796 1282 hypodiaconatum
826 1203 862 1262 et
895 1198 1123 1277 lectoratum,
1147 1204 1221 1262 tum

114 1303 196 1385 apud
207 1303 316 1388 Syros
328 1310 365 1370 et
378 1305 590 1388 Maronitas,
606 1307 667 1388 qui
682 1306 792 1370 etiam
806 1305 993 1369 habebant
1005 1313 1222 1371 auctoratum

113 1427 166 1474 seu
174 1413 445 1496 psalmistatum,
465 1420 539 1478 tum
557 1412 713 1496 denique
727 1413 823 1495 apud
841 1411 1003 1494 Latinos,
1019 1413 1114 1476 inter
1131 1430 1221 1496 quos

113 1517 247 1599 riguere
265 1520 379 1603 aliqui
397 1519 555 1602 ordines,
576 1521 636 1604 qui
652 1537 748 1584 nunc
766 1518 964 1601 desierunt,
990 1519 1041 1582 uti
1056 1519 1218 1604 fossarii,

113 1623 278 1710 lecticarii,
296 1627 495 1693 laborantes
512 1645 576 1691 seu
593 1628 763 1712 copiolas,
784 1626 1007 1711 parabolani,
1025 1626 1220 1690 mansiona-

112 1733 151 1796 rii
165 1739 223 1798 aut
233 1736 492 1820 puramoaora‘i,
511 1733 731 1816 chartularii,
750 1735 918 1816 custodes,
935 1735 1144 1820 defensores,
1164 1755 1218 1798 ca-

114 1841 267 1924 techistae,
279 1845 492 1927 primicerii,
512 1848 597 1924 etc.;
616 1839 643 1924 ll
660 1843 809 1908 crebras
849 1836 1066 1908 mutationes
1097 1842 1133 1905 in
1165 1842 1220 1907 his

112 1946 282 2014 ordinibus
299 1968 365 2031 per
391 1951 645 2032 cessationem,
664 1949 898 2032 additionem,
918 1950 1218 2032 imminutionem,

112 2053 371 2139 abrogationem
386 2057 446 2122 vel
463 2059 777 2143 instaurationem,
793 2075 887 2140 quae
901 2057 938 2121 in
956 2075 1032 2121 rem
1048 2057 1220 2122 divinitus

111 2159 296 2228 institutam
311 2163 444 2230 cadere
456 2183 529 2229 non
540 2168 705 2247 possunt;
724 2165 749 2248 ⁰)
760 2163 1030 2230 vicissitudines
1041 2163 1219 2227 etaltera-

111 2269 212 2335 tiones
228 2272 265 2336 in
282 2270 409 2336 eodem
427 2273 565 2355 ordine,
584 2273 686 2338 velut
717 2272 754 2336 in
772 2271 1049 2352 subdiaconatu
1070 2268 1091 2350 ‘l
1122 2271 1219 2336 defe-

111 2381 192 2443 ctum
209 2380 516 2445 subordinationis
535 2381 812 2464 inpromotione
841 2381 1009 2445 altiorum
1039 2380 1219 2463 ordinum,

110 2483 152 2548 ita
166 2492 203 2551 ut
230 2487 387 2552 lectores
416 2489 532 2552 creati
564 2489 648 2570 sint,
682 2489 768 2570 quin
785 2489 885 2571 prius
903 2489 1038 2552 fuerint
1066 2487 1218 2569 ostiarii;

110 2593 244 2676 acolyti,
277 2596 339 2677 qui
367 2613 563 2679 numquam
597 2597 743 2660 fuerant
777 2596 928 2676 ostiarii;
959 2596 1128 2677 lectores,
1159 2597 1220 2678 qui

109 2702 356 2767 exorcistatum
374 2721 445 2767 non
463 2707 714 2787 susceperant,
734 2703 889 2786 diaconi,
919 2705 980 2786 qui
1013 2708 1123 2766 antea
1147 2721 1219 2767 non

109 2805 239 2873 lucrant
255 2809 482 2893 subdiaconi,
502 2829 595 2893 quae
613 2811 781 2895 equidem
800 2810 945 2874 minime
975 2809 1122 2874 fecisset
1154 2808 1219 2872 Ec·

110 2914 219 2998 clesia,
238 2917 308 2981 nisi
338 2917 584 2982 existimasset
600 2919 665 2984 hos
681 2920 825 2986 ordines
843 2918 889 2982 ad
903 2917 1064 2984 divinam
1078 2918 1219 2982 institu-

109 3021 229 3089 tionem
246 3043 319 3090 non
336 3027 505 3091 attinere.

185 3132 355 3198 Attamen
374 3151 497 3199 omnes
512 3135 764 3216 theologorum
782 3137 817 3198 et
835 3133 1109 3197 canonistarum
1140 3149 1218 3197 sen·

110 3239 243 3321 tentiae,
262 3259 354 3323 quas
372 3241 556 3306 levissime
573 3243 766 3324 innuimus,
786 3244 939 3323 possunt
955 3246 1056 3304 recte
1068 3241 1162 3304 inter
1179 3258 1218 3304 sa

109 3349 311 3414 concordari
330 3351 526 3416 asserendo
547 3369 627 3415 cum
644 3350 820 3432 Magistro
835 3347 1116 3429 Sententiarum,
1144 3345 1218 3411 Sel-

109 3456 219 3539 vagio,
237 3457 434 3522 Benedicta
451 3457 549 3541 XIV,
569 3459 722 3542 aliIsque
736 3457 988 3522 eruditissimis
1006 3456 1096 3520 viris
1125 3454 1218 3518 ordi-

110 3576 164 3625 nes
175 3564 329 3630 minores
344 3581 423 3630 esso
440 3567 693 3632 ecclesiasticae
718 3565 947 3630 institutionis
961 3561 1081 3646 quoad
1110 3561 1216 3643 origi-

14 3743 16 3746 ,
109 3682 180 3733 nem
192 3671 374 3757 formalem
391 3690 454 3738 seu
470 3673 694 3738 creationem
712 3675 874 3753 tempore
903 3670 1144 3735 determinato
1170 3669 1216 3734 ab

109 3771 258 3844 Ecclesia
274 3781 424 3862 factam,
446 3786 556 3864 atque
574 3779 680 3844 simul
708 3795 788 3843 essc
818 3779 959 3844 divinae
988 3778 1217 3842 institutionis

110 3885 214 3962 quoad
228 3888 403 3971 originem
416 3889 714 3974 fundamentalem
740 3904 804 3951 seu
829 3886 1046 3968 principium
1075 3903 1120 3950 ex
1147 3903 1216 3967 quo

109 3995 305 4076 proceduut;
326 3993 617 4078 quandoquidem
636 4011 787 4058 munera
816 3998 852 4056 et
886 3992 1007 4057 officia
1039 3990 1216 4073 ejusmodi

110 4097 257 4167 ordinum
271 4102 361 4167 nihil
374 4101 473 4166 aliud
486 4103 558 4166 sint
589 4120 696 4184 quam
729 4102 909 4185 quaedam
941 4099 1121 4165 derivatio
1155 4098 1216 4164 vel

110 4199 372 4275 desmembratio
402 4226 448 4274 en
476 4209 673 4274 diaconatu
705 4209 811 4291 lapsu
838 4207 1011 4290 temporis
1049 4212 1214 4289 peracta,

110 4317 216 4391 prouti
227 4317 444 4402 propagatio
458 4317 659 4400 religionis,
674 4317 875 4383 necessitas
889 4317 1006 4381 cultus
1022 4315 1084 4380 vel
1098 4313 1214 4379 multi-
