3030 4990
794 405 971 466 -150-

324 569 384 616 ma
400 553 436 616 at
449 548 672 632 authentica,
688 567 782 634 quae
799 553 916 618 critice
929 557 1096 636 spectata
1110 551 1244 618 nemini
1268 570 1427 638 respuere

323 658 418 740 lieet,
438 656 541 723 nobis
558 657 796 724 invictissime
828 659 1054 744 poteiaeiunt
1086 657 1289 726 Ecclesiam
1320 661 1428 726 asnis

323 765 551 832 incunabulis
569 765 615 830 ad
633 775 758 830 nostra
783 785 895 850 usque
914 773 1079 850 tempora
1091 767 1354 832 indessineuter
1368 768 1428 832 sibi

325 875 530 942 vindicasse
549 875 694 957 plenam
712 879 748 939 et
777 873 1019 940 omnimodam
1049 873 1366 958 Independeutiam
1396 877 1427 939 iu

322 1001 388 1048 sua
405 981 675 1066 constitutione,
695 983 872 1066 regimine
889 981 1145 1066 etdiseipliua,
1161 981 1351 1066 etquidem
1365 1001 1427 1047 non

322 1090 436 1156 solum
455 1090 695 1156 doctrinaliter
713 1107 827 1174 prope
844 1089 1042 1156 innumeris
1071 1089 1295 1155 documentis
1324 1091 1426 1174 publi·

323 1197 387 1280 cis,
406 1215 500 1280 quae
516 1198 625 1281 paulo
643 1201 726 1281 post
744 1197 954 1279 alienemus,
971 1215 1096 1264 verum
1130 1197 1241 1262 etiam
1269 1200 1425 1284 practice,

322 1303 373 1368 uti
386 1305 581 1370 ostendunt
597 1304 787 1388 sequeutia
803 1305 915 1387 iacta,
932 1323 1038 1387 quae,
1057 1323 1101 1370 ne
1118 1305 1302 1388 longiores
1314 1307 1425 1401 simus,

321 1414 462 1476 tantum
479 1411 664 1477 insinuare
676 1410 845 1476 suidclat.

410 1521 445 1598 a)
493 1517 548 1584 Ex
564 1518 713 1584 Actibus
725 1517 982 1601 Apostolorum
996 1522 1139 1584 constet
1153 1517 1351 1583 Ecclesiam
1364 1535 1426 1582 non

321 1625 426 1691 modo
444 1643 524 1692 sese
549 1626 780 1692 constituisse
798 1633 927 1691 contra
945 1633 1179 1710 praeceptum
1208 1625 1424 1708 synagogae,

321 1733 465 1816 quaudo
485 1733 652 1818 Apostoll
669 1733 818 1800 firmiter
850 1737 886 1798 et
912 1734 1074 1798 animose
1107 1750 1230 1798 eoram
1263 1731 1425 1816 Synedrio

320 1837 341 1904 J
346 1840 473 1906 udaieo
491 1842 768 1924 responderunt:
791 1841 934 1908 obedire
948 1847 1079 1925 oportet
1093 1841 1180 1922 Deo,
1195 1842 1305 1926 mepte
1337 1862 1426 1926 quam

318 1947 512 2014 dominibus
528 1949 588 2033 (l),
607 1948 787 2014 sedetiam
799 1966 900 2014 suum
911 1948 1425 2031 primaevamdisclpllnamor·

320 2054 477 2138 diuasse,
508 2057 762 2122 auctoritatem
778 2057 1017 2139 agistratuum
1035 2055 1275 2121 hebraeorum
1295 2057 1424 2120 omniuo

320 2165 541 2249 posthabita;
561 2164 646 2230 ltine
659 2165 825 2250 legimus:
845 2164 1114 2230 Perambulubat
1132 2163 1279 2244 (Paulus
1296 2182 1370 2229 eum
1383 2161 1425 2227 Si·
1501 2239 1502 2250 ἶ

319 2273 369 2353 la)
387 2280 501 2338 autam
513 2273 666 2359 Syriam,
683 2279 714 2338 et
731 2271 901 2352 Ciliciam,
918 2273 1124 2359 confirmans
1136 2270 1322 2338 Ecclesiae:
1331 2291 1424 2357 pree·
1501 2253 1502 2274 ἶ

320 2380 829 2466 sipiarescustodireproaceptn
848 2377 1103 2464 Apostolorum,
1129 2382 1343 2447 attentorum
1371 2378 1422 2460 (2);

319 2493 429 2572 atque
446 2487 490 2554 de
504 2487 615 2554 Paulo
628 2493 664 2552 et
677 2485 863 2552 Timotheo
880 2487 1022 2551 dicitur:
1041 2485 1123 2553 Cam
1136 2495 1250 2553 nutem
1258 2495 1423 2573 pertrans·

319 2598 410 2662 irent
438 2598 605 2679 civitatee,
617 2595 800 2662 tradebant
812 2596 860 2660 air
874 2594 1046 2660 custodire
1060 2593 1323 2680 dogmata,puae
1336 2601 1424 2660 erent
1500 2657 1501 2674 ,

319 2704 455 2770 decreta
472 2704 515 2770 ab
544 2703 719 2790 Apostolia
747 2711 778 2768 et
802 2701 1004 2783 senioribus,
1031 2701 1090 2786 qai
1116 2709 1216 2767 erent
1239 2701 1422 2785 Hierosoly·

181 2816 199 2825 ·’
271 2893 274 2898 ,
317 2810 459 2896 miste).

386 2920 418 3000 b)
458 2905 1423 3000 llntepaeemconstantinianam,Apost0liprimumet

320 3024 526 3090 eorumdem
540 3023 775 3090 Successores
795 3022 966 3105 deinceps
991 3022 1210 3087 auctoritate
1227 3024 1371 3106 propria
1386 3037 1423 3084 ae
1499 3027 1500 3074 l

318 3128 585 3211 independenti,
598 3131 704 3196 immo
716 3131 825 3196 etiam
841 3133 1069 3212 repugnante
1083 3134 1264 3211 potestate
1277 3130 1422 3214 politica,

320 3236 355 3300 in
375 3236 543 3302 universo
557 3237 715 3320 Imperio
732 3237 894 3302 Romano
927 3236 1141 3318 religionem
1172 3241 1422 3321 propagarunt,

317 3341 501 3409 Ecclesias
519 3343 734 3426 fundavere,
754 3349 978 3425 cunctasque
996 3359 1055 3408 res
1073 3343 1282 3426 spirituales
1306 3343 1351 3409 ad
1372 3359 1425 3407 no·
1498 3431 1499 3434 Ἴ

317 3468 401 3516 vam
420 3451 633 3517 societatem
647 3451 882 3516 christianam
898 3449 1123 3531 pertinentes
1137 3451 1307 3516 ordinare
1320 3467 1381 3536 per
1392 3465 1425 3513 se

318 3561 501 3624 curarunt.

405 3665 435 3749 c)
482 3664 567 3731 Post
579 3683 709 3748 paoem
724 3665 910 3730 obtentam
929 3664 1056 3730 Edicto
1074 3664 1345 3745 Mediolanensi,
1363 3659 1424 3745 ipsl

315 3771 561 3854 Imperatores
593 3771 745 3838 Romani
785 3771 936 3836 Sacram
969 3771 1158 3837 Ecclesiae
1187 3769 1422 3854 Independeu·
1497 3799 1498 3816 ι

316 3879 402 3942 tiam
418 3897 483 3961 pro
496 3880 660 3945 fidelibus
678 3879 846 3962 regendis
860 3885 896 3943 et
909 3879 1058 3962 propria
1072 3879 1344 3962 organizatioue
1360 3885 1420 3940 sta-

317 4043 485 4055 ·—-—--.....

386 4173 423 4237 (l)
459 4172 514 4223 Act
532 4187 593 4239 cap.
609 4173 644 4234 V,
659 4189 684 4224 v.
698 4173 739 4224 29.

384 4242 421 4306 (2t
458 4241 522 4296 lbid
547 4243 780 4312 cap.XV‚u.41.

385 4317 423 4380 (3)
461 4314 503 4368 lb.
518 4330 578 4382 cup.
593 4313 670 4381 XVI,
683 4330 709 4368 v.
723 4315 747 4367 4.
