3030 4990
878 473 916 530 aa
942 507 974 516 ..

338 619 426 702 rior,
445 619 566 684 Status
584 619 672 684 v‘ero
692 619 810 684 civilis
838 617 987 683 inferior
1019 621 1086 700 est,
1120 621 1158 681 ut
1190 622 1359 701 petates
1383 619 1443 682 linc

338 729 537 810 utriusque;
557 727 640 792 hino
657 726 780 791 Status
799 727 914 791 veluti
931 725 1082 790 inferior
1099 729 1242 790 tenetur
1256 725 1443 808 Ecclesiae,

339 852 432 917 quae
450 834 699 917 superiorem,
719 833 995 898 subministrare
1014 831 1132 897 media
1161 833 1215 897 sui
1246 833 1389 914 ordinis,
1420 833 1444 896 si

338 940 473 1004 eisdem
491 957 581 1022 opus
598 939 644 1004 sit
662 939 707 1003 ad
721 957 822 1004 suum
841 939 946 1004 linem
960 939 1126 1004 altiorem
1146 946 1182 1004 et
1198 939 1445 1005 nobilissimum

338 1046 615 1130 assequentium
634 1045 698 1110 sed
716 1045 834 1110 media
851 1046 1001 1129 propria
1018 1044 1140 1111 Status
1158 1045 1278 1110 civilis
1297 1045 1343 1110 ed
1364 1047 1444 1110 ordi·

339 1173 421 1218 nem
451 1155 690 1236 temporalem
721 1154 918 1236 pertinent;
949 1153 1058 1235 igitur
1092 1153 1211 1218 media
1243 1154 1446 1237 temporalia

339 1268 517 1346 praebere
537 1263 644 1328 debet
657 1261 693 1326 in
723 1264 887 1328 favorem
913 1261 1100 1327 societatis
1132 1263 1329 1345 superioris
1359 1261 1445 1326 adbi-

338 1371 471 1452 benda,
491 1371 631 1454 quotics
647 1369 716 1434 ista
731 1368 803 1448 illis¹
817 1369 1025 1434 immediate
1039 1369 1100 1433 vel
1115 1368 1271 1434 mediate
1284 1368 1443 1451 indigeat.

428 1481 568 1545 Natura
578 1479 672 1565 fiais:
691 1477 789 1542 Finis
807 1495 962 1560 namque
980 1477 1169 1542 Ecclesiae
1186 1481 1242 1542 est
1259 1477 1338 1541 linis
1354 1476 1445 1560 spiri-

340 1589 460 1669 tualis,
480 1605 668 1670 supremus
686 1590 722 1650 et
738 1590 921 1667 aeternus
942 1601 1031 1650 vere
1050 1585 1251 1668 completus
1286 1590 1322 1649 et
1349 1584 1446 1666 plene

339 1695 577 1778 adaequatus;
598 1695 677 1758 fluis
695 1698 816 1758 autem
833 1692 1020 1758 societatis
1037 1693 1156 1758 civilis
1173 1697 1228 1757 est
1245 1691 1445 1772 materialia,

339 1802 550 1885 temporalis
568 1807 677 1885 atque
696 1801 883 1866 ordinatus
902 1809 1087 1884 tamquam
1106 1799 1261 1864 medium
1279 1799 1325 1863 ad
1351 1799 1447 1862 finem

339 1911 502 1974 ultimum
522 1910 708 1974 moraliter
721 1909 946 1991 superiorem
976 1913 1012 1972 et
1046 1907 1260 1991 simpliciter
1293 1923 1446 1971 necessa·

339 2018 443 2098 rium,
463 2025 498 2081 et
512 2023 597 2082 tune
616 2018 684 2082 crit
703 2017 903 2100 completus
922 2023 1030 2098 atque
1048 2016 1287 2099 adaequatus
1306 2033 1383 2080 cum
1404 2015 1446 2078 ie—

340 2125 459 2190 licitas
478 2127 702 2208 temporalis,
723 2143 829 2208 quam
848 2123 1265 2207 promovendamStatus
1284 2125 1394 2202 curat,
1410 2120 1446 2184 ad

340 2231 556 2296 felicitatem
596 2237 783 2297 aeternam
802 2230 991 2315 perducat;
1012 2230 1107 2295 unde
1123 2231 1288 2313 sequitur
1302 2229 1446 2294 Societa-

312 2343 314 2348 '
340 2345 412 2402 tem
430 2339 575 2403 civilem
593 2339 712 2403 media
730 2357 793 2403 seu
812 2339 908 2402 bona
926 2336 1157 2421 temporalia,
1187 2337 1316 2419 quibus
1349 2336 1447 2400 utitur

340 2463 404 2526 pro
434 2464 497 2509 suo
516 2447 585 2510 tine
611 2445 819 2528 obtinendo,
849 2444 1036 2514 Ecclesiae
1066 2443 1300 2527 suppeditare
1333 2441 1446 2520 teneri,

341 2553 481 2634 quoties
498 2554 578 2636 ipsa
607 2553 831 2635 judicaverit
849 2552 1059 2616 necessaria
1087 2550 1134 2614 ad
1167 2552 1447 2614 consecutionem

340 2660 419 2723 linis
433 2660 721 2742 supernaturalis
736 2663 772 2723 et
790 2659 917 2740 ultimi,
935 2659 992 2723 eui
1008 2657 1238 2741 procurando
1256 2675 1302 2721 ex
1319 2656 1371 2720 sui
1394 2672 1446 2718 na·

340 2773 421 2831 tura
440 2785 483 2832 ac
501 2769 729 2832 institutione
744 2767 956 2831 incumbere
976 2766 1096 2846 debei3
1116 2765 1250 2830 etenim
1263 2764 1357 2829 bona
1373 2770 1446 2826 tem·

340 2875 482 2958 poralia
501 2880 651 2940 eatenus
685 2881 768 2939 sunt
799 2875 1056 2940 rationabiliter
1089 2873 1307 2958 appetibilia,
1337 2873 1445 2954 quate·

340 3001 405 3046 nus
423 2987 506 3046 sunt
523 2982 691 3048 ordinata
703 2982 749 3046 ad
765 2983 861 3046 bona
874 2981 1076 3064 superiora,
1096 2986 1132 3044 et
1149 2977 1296 3043 tandem
1325 2977 1370 3042 ad
1398 2995 1444 3040 su·

340 3107 515 3172 premum3
535 3107 678 3154 necnon
706 3090 742 3152 in
761 3090 998 3152 tantumsunt
1029 3095 1119 3152 recte
1154 3086 1385 3170 aaseqaibilia,
1416 3081 1446 3143 in

341 3203 512 3280 quantum
532 3196 577 3260 ad
590 3197 696 3261 finem
713 3197 875 3262 ultimum
889 3197 1110 3276 referuntur,
1127 3192 1173 3258 ad
1203 3210 1308 3275 quem
1340 3189 1446 3255 omnia

339 3305 514 3369 inferiora
535 3304 685 3368 tendere
705 3303 850 3385 debent,
870 3309 944 3366 tarn
962 3302 1007 3366 ob
1034 3299 1310 3384 praevalentem
1337 3313 1445 3362 ueces-

340 3411 482 3476 sitatem
498 3413 578 3476 linis
595 3412 806 3495 superioris,
825 3417 899 3476 tum
918 3412 1027 3476 etiam
1047 3417 1083 3473 ut
1101 3411 1269 3473 servetur
1293 3407 1376 3472 ordo
1394 3421 1444 3468 ura·

339 3519 468 3583 taralis
485 3539 507 3583 a
524 3519 659 3584 Divina
678 3521 863 3584 creatione
878 3517 1163 3602 praestabilitas.

431 3625 587 3694 Condicio
604 3629 794 3694 Sociorum:
815 3627 918 3708 Quia,
942 3644 1022 3690 cum
1041 3626 1171 3707 agatur
1191 3624 1235 3688 de
1253 3623 1388 3688 duabus
1401 3637 1446 3684 so-

341 3734 533 3798 cietatibus
548 3735 721 3818 perfectis
738 3740 877 3799 tantum
892 3734 1094 3819 formaliter
1108 3731 1302 3814 distinctis,
1317 3743 1446 3810 nempe,

341 3842 475 3906 eisdem
495 3842 659 3924 personis
679 3841 981 3922 coalescentibus,
999 3857 1092 3922 quae
1110 3838 1215 3902 simul
1234 3840 1317 3901 sunt
1350 3842 1385 3900 et
1409 3831 1448 3896 ei-

340 3967 405 4012 ves
424 3953 459 4012 ct
477 3949 660 4030 catholici,
681 3949 842 4013 membra
860 3947 1048 4012 societatis
1079 3945 1275 4026 interioria,
1309 3945 1391 4026 quin
1418 3939 1447 4002 fi-

341 4075 423 4121 nem
436 4056 541 4138 hujus
559 4057 744 4138 proprium
761 4055 950 4138 negligant
969 4054 1028 4118 vel
1052 4052 1213 4135 laedant,
1244 4071 1317 4116 non
1346 4050 1448 4115 solum

342 4164 500 4228 adfinem
515 4164 700 4229 societatis
714 4166 910 4248 superioris
925 4165 1085 4246 tendere,
1099 4181 1228 4229 verum
1242 4161 1448 4228 etiamillurn

342 4271 522 4352 attingere
541 4271 685 4350 debeut;
702 4291 769 4352 age
784 4275 859 4354 jam
878 4290 942 4354 pro
962 4273 1031 4338 hac
1049 4278 1173 4338 mutua
1191 4269 1448 4354 conspiratione

342 4379 500 4445 fovenda
532 4385 566 4444 et
599 4398 708 4462 scopo
742 4381 912 4464 religioso
947 4381 1155 4464 obtinendo,
1199 4393 1447 4463 saepenumero
