3024 4994
528 394 705 458 -219-

84 537 132 606 illa
142 553 172 607 et
187 540 342 626 suscepit
355 545 392 607 et
408 539 582 625 adhibuit,
601 541 815 627 Ecclesiam,
830 542 1002 626 imquam,
1017 547 1174 627 potesta·

84 652 109 712 ta
122 651 232 732 poenis
249 650 492 716 atrocioribus
520 651 714 716 coercendi
739 654 775 716 et
791 651 977 735 sanguinis
997 652 1176 718 effusione

83 757 227 836 puniendi
240 775 428 840 nunquam
443 775 543 821 usam
560 756 685 822 fuisse.

149 863 198 926 4.⁰
241 863 364 928 Missio
382 861 584 927 Ecclesiae.
613 860 744 928 Omnes
769 863 889 928 sciunt
905 864 1109 931 Ecclesiam
1126 865 1175 931 di-

80 967 191 1032 vinitus
224 969 411 1053 accepisse
444 987 572 1034 munus
604 971 879 1053 gravissimum,
914 971 1176 1057 sublimemque

80 1079 169 1156 utque
194 1075 407 1141 altissimam
435 1074 644 1140 missionem
662 1077 894 1160 evangelium
923 1076 1174 1162 praedicandi,

79 1187 184 1262 gentes
200 1181 364 1264 docendi,
384 1186 615 1248 sacramenta
645 1183 869 1266 conferendi,
888 1185 1116 1268 populosque
1138 1187 1177 1251 in

78 1289 132 1354 fide
145 1308 185 1356 ac
197 1291 392 1356 sanctitate
408 1291 631 1373 instituendi;
644 1293 721 1373 iam
734 1291 978 1375 vero,snatura
996 1299 1032 1358 at
1045 1311 1176 1377 scopus

77 1395 162 1477 hujus
187 1398 492 1480 praestantissimi
521 1400 679 1463 muneris
707 1399 925 1465 exercitium
940 1399 1033 1480 Juris
1063 1399 1175 1483 gladii

77 1513 136 1568 tum
147 1505 386 1570 immediatum
411 1511 485 1570 tum
501 1481 710 1588 mediatim,
730 1511 918 1590 tamquam
937 1524 1027 1572 vere
1045 1509 1176 1590 impos·

76 1610 173 1696 sibile,
191 1612 481 1696 prorsusinutile
505 1615 615 1694 atque
644 1614 753 1677 etiam
785 1613 846 1676 fini
875 1613 1057 1696 spirituali
1076 1618 1176 1679 certe

79 1718 214 1802 noxium,
233 1718 278 1783 ab
308 1718 472 1783 Ecclesia
503 1718 675 1801 excludit3
696 1723 733 1782 et
761 1736 862 1800 sane,
882 1720 913 1782 si
938 1719 982 1783 de
1001 1719 1176 1785 exercitio

76 1821 250 1890 immediato
280 1831 424 1906 agatur,
455 1826 641 1890 exsecutio
659 1841 801 1907 poenae
830 1825 999 1908 capitalis
1026 1826 1177 1910 abipsa

75 1925 219 1995 Ecclesia
236 1931 440 2015 impositae,
460 1932 604 2014 quando
622 1933 675 1996 rei
692 1932 973 2014 impoenitentes
997 1937 1034 1996 et
1052 1938 1176 1998 contu-

76 2053 177 2102 maces
200 2040 347 2122 suerint,
363 2039 596 2122 impossibilis
622 2039 738 2122 fieret,
753 2041 861 2121 juxta
878 2039 1097 2105 catholicam
1116 2041 1175 2106 do-

76 2145 221 2227 ctrinam,
241 2151 277 2210 et
293 2147 437 2229 penitus
454 2146 591 2210 inutilis
610 2146 836 2232 redderetur,
852 2148 987 2230 quippe
1005 2148 1175 2230 impoeni-

75 2256 191 2319 tentem
218 2255 386 2320 occidere
410 2255 520 2338 plane
544 2255 762 2320 adversatur
786 2255 974 2322 Ecclesiae
999 2257 1173 2339 missioni,

75 2374 151 2439 quae
167 2360 302 2427 directe
327 2379 456 2426 curare
486 2362 592 2428 debet
621 2363 776 2427 salutem
801 2362 1016 2446 animarum;
1038 2365 1175 2430 sivero

75 2465 108 2528 de
122 2471 288 2534 exercitio
306 2471 454 2535 mediato
472 2470 636 2552 quaestio
662 2471 721 2552 sit,
742 2471 898 2552 eoquod
923 2471 1090 2536 Ecclesia
1109 2490 1175 2556 pro

75 2589 174 2653 poena
196 2578 326 2660 capitis
355 2577 552 2659 infligenda
573 2577 777 2659 Principum
793 2576 1013 2659 adjutorium
1027 2579 1088 2644 vel
1112 2579 1175 2643 mi·

74 2681 238 2750 nisterium
257 2685 461 2769 invocaret,
482 2686 682 2769 applicatio
707 2685 909 2767 huJusmoci
933 2687 1176 2769 gravissimae

74 2793 248 2867 punitionis
278 2793 388 2858 etiam
412 2811 479 2877 per
503 2793 690 2877 Principes
710 2799 840 2876 rogatu
870 2794 1057 2859 Ecclesiae
1076 2795 1176 2859 facta

75 2895 122 2959 dui
137 2899 208 2981 eius
232 2903 505 2984 supernaturali
524 2906 685 2984 noceret,
705 2901 938 2984 divinamque
967 2919 1069 2966 snam
1095 2903 1175 2968 mis-

73 3003 189 3073 sionem
219 3010 414 3092 impediret
442 3015 505 3074 ant
533 3010 664 3074 saltam
692 3010 961 3093 quammaxime
989 3010 1175 3075 imminue·

73 3117 127 3195 ret,
143 3115 312 3200 siquidem
332 3117 472 3181 animos
501 3117 547 3181 ab
565 3117 821 3200 amplectenda
839 3116 1016 3199 religione
1033 3122 1174 3182 averte-

74 3227 127 3302 ret,
150 3225 265 3289 odium
293 3224 722 3308 animadversionemque
753 3231 882 3289 contra
912 3243 951 3290 se
980 3226 1173 3309 excitaret,

74 3331 164 3410 atque
179 3333 339 3397 convitia
357 3339 420 3396 aut
436 3333 695 3396 insectationes
713 3332 929 3414 saepissime
944 3333 1069 3416 cieret,
1089 3333 1175 3414 quia

73 3447 173 3512 poena
199 3440 367 3523 capitalis
392 3441 536 3505 nornine
549 3439 736 3504 Ecclesiae
752 3457 895 3522 semper
910 3441 1173 3522 applicaretur,

74 3547 102 3603 at
121 3543 284 3631 Princeps
301 3549 524 3632 praesidium
542 3568 606 3615 seu
624 3551 860 3615 ministerium
879 3569 945 3635 pro
964 3552 1043 3631 ejus
1058 3550 1172 3633 appli-

74 3652 197 3718 catione
209 3661 350 3722 tautum
367 3664 585 3741 praestaret3
602 3658 735 3723 etenim
749 3659 884 3722 iactum
900 3659 1069 3723 tribuitur
1084 3665 1173 3721 tam·

74 3769 164 3833 quam
179 3762 371 3846 principali
389 3765 530 3829 auctori
548 3765 581 3828 ei
595 3765 655 3847 qui
672 3763 761 3828 illud
774 3765 943 3847 imporat,
961 3783 1033 3828 non
1051 3768 1173 3828 autern

74 3863 99 3925 ei
113 3869 166 3949 qui
182 3872 226 3935 ad
238 3871 327 3937 illud
344 3873 591 3954 peragendum
609 3891 712 3938 suurn
730 3873 906 3937 auxilium
923 3872 1088 3955 praebet.

146 3975 232 4044 Hinc
256 3981 504 4062 maximopere
529 3981 677 4064 expedit
701 3981 888 4062 Principes
906 3980 1116 4046 saeculares
1134 3981 1171 4047 in

72 4080 107 4146 iis
122 4083 270 4154 Statibus
300 4090 361 4154 ubi
388 4089 570 4156 catholica
599 4090 726 4173 religio
743 4073 935 4172 recognita
953 4094 1065 4154 estut
1083 4107 1173 4156 uera

74 4191 194 4280 religio,
212 4215 292 4264 cum
321 4197 456 4263 delicta
480 4202 608 4265 contra
625 4197 731 4263 fidem
749 4215 793 4262 ac
821 4197 1036 4281 religionem
1065 4197 1172 4262 simul

75 4297 132 4364 siut
156 4306 322 4389 religiosa
352 4313 388 4370 et
413 4307 548 4388 civilia,
567 4308 730 4393 relipiosa
756 4307 839 4389 quia
870 4306 1072 4372 Ecclesiam
1102 4307 1174 4371 lae·
