3120 4988
575 379 732 438 ..39...

107 542 160 606 par
174 543 206 589 ae
222 521 497 586 ecclesiasticae
515 521 719 604 potestatis,
739 521 835 604 quod
852 521 1047 588 absurdum
1065 526 1132 602 est;
1168 539 1214 586 ex

109 628 171 692 alia
197 647 297 710 vero,
329 645 410 694 cum
429 629 605 710 ejusmodi
624 635 786 712 potestas
812 628 930 694 civilis
947 628 993 694 sit
1011 629 1215 712 adaequate

109 735 266 801 distincta
281 742 319 802 et
349 735 387 800 in
405 741 457 799 tot
474 741 584 819 atque
601 736 767 800 diversos
801 754 960 801 summos
992 737 1215 819 imperantes

109 843 243 926 tributa,
260 844 425 926 pluribus
442 845 597 908 statibus
612 843 671 908 vel
690 843 838 908 totidem
853 844 976 926 reguis
993 844 1214 926 praefectos

109 949 314 1016 haberentur
327 951 452 1033 plures
465 950 667 1032 Ecclesiae,
693 969 765 1014 non
784 968 855 1014 una
869 949 1048 1031 Ecclesia;
1067 967 1215 1032 pessun-

110 1055 245 1121 daretur
257 1057 368 1140 igitur
383 1062 419 1121 et
433 1057 576 1138 penitus
588 1056 842 1121 rueretunitas
856 1054 1056 1137 Ecclesiae,
1071 1054 1215 1120 sublata

110 1161 1216 1247 ejusjuridicaperfectioneatquenecessariaindependentia.

187 1269 237 1334 3.⁰
282 1270 463 1335 Probatur
479 1271 657 1353 perfectio
675 1269 864 1334 Ecclesiae
883 1269 1025 1350 exejus
1044 1267 1217 1334 catholici·

111 1383 181 1442 tate:
195 1377 349 1442 societas
366 1377 539 1459 religiosa
557 1376 771 1442 universalis
788 1395 860 1440 non
877 1377 992 1440 solum
1024 1376 1060 1440 in
1079 1376 1217 1439 abstra-

112 1487 233 1548 ctoseu
261 1483 381 1568 quoad
412 1485 640 1566 religionem,
672 1484 735 1548 sed
765 1484 876 1548 etiam
893 1484 930 1547 in
947 1488 1119 1547 concreto
1154 1497 1217 1545 seu

112 1591 218 1672 quoad
241 1593 404 1674 regimen
436 1593 610 1674 exteriuS,
644 1591 713 1655 hoc
745 1595 813 1674 est,
845 1597 1030 1673 tamquam
1061 1591 1218 1653 societas

112 1697 250 1762 visibilis
267 1703 304 1762 et
321 1706 487 1776 externa,
518 1699 685 1780 perfecta
714 1703 823 1780 atque
856 1696 1105 1780 independens
1138 1712 1218 1759 esse

113 1803 219 1887 debet;
236 1806 336 1889 atqui
349 1804 516 1870 Ecclesia
533 1811 589 1870 est
606 1805 762 1869 societas
779 1805 953 1887 religiosa
970 1801 1138 1870 catholico
1157 1808 1219 1867 aut

114 1911 315 1978 universalis
333 1931 404 1976 non
420 1914 535 1977 solum
554 1913 592 1976 in
609 1913 795 1976 abstracto
829 1930 891 1976 seu
915 1917 1082 1994 spectata
1100 1915 1138 1975 ut
1167 1927 1218 1975 re·

113 2017 200 2102 ligio,
218 2037 344 2084 verum
358 2020 467 2084 etiam
481 2020 518 2083 in
544 2024 716 2083 concreto
733 2037 797 2083 seu
826 2019 1058 2088 considerata
1088 2019 1124 2082 in
1154 2035 1219 2081 sua

114 2133 252 2190 externa
268 2127 397 2210 politia
415 2133 451 2190 et
467 2127 656 2208 regimine3
677 2145 763 2208 ergo
783 2126 949 2191 Ecclesia
979 2127 1144 2208 perfecta
1176 2141 1220 2189 ac

114 2231 346 2315 independens
361 2251 441 2298 esse
454 2233 562 2298 debet
578 2251 649 2297 non
665 2239 803 2297 tanturn
822 2242 859 2297 ut
877 2233 1004 2314 religio
1015 2234 1121 2315 juxta
1154 2231 1218 2296 Re-

115 2339 512 2424 galistarum'placitum‚
525 2339 589 2404 sed
602 2340 750 2422 insuper
765 2340 815 2403 uti
845 2341 1002 2404 societas
1017 2339 1170 2404 visibilis
1185 2342 1221 2402 et

115 2455 261 2528 externa,
276 2448 383 2530 juxta
404 2447 584 2530 principia
598 2447 995 2530 Juridico-dogmatica.

192 2553 293 2620 Prob.
314 2555 399 2636 nraj.
417 2555 580 2620 Societas
598 2555 818 2620 universalis
839 2564 912 2618 tarn
930 2556 966 2618 in
984 2553 1110 2618 ordine
1140 2553 1219 2616 reli-

116 2657 216 2742 gioso,
230 2679 336 2744 quarn
349 2661 386 2726 in
405 2661 531 2726 ordine
549 2661 806 2744 gubernativ0,
826 2660 950 2726 statim
969 2678 1013 2725 ac
1030 2659 1220 2740 imperfec-

117 2771 148 2826 ta
162 2773 194 2829 et
209 2766 415 2850 dependens
430 2768 634 2849 deveniret,
655 2774 776 2832 notam
797 2767 1084 2832 universalitatis
1113 2767 1148 2829 in
1167 2783 1219 2828 re·

117 2871 396 2950 gimineexterno
411 2876 606 2957 amitteret,
623 2895 666 2940 eo
681 2876 774 2958 qubd
794 2875 1036 2956 subjiceretur
1066 2871 1221 2936 diversis

118 2975 328 3063 Principibus
346 2987 410 3046 aut
426 2981 579 3047 Summis
609 2982 890 3064 insperantibus
923 2967 1076 3062 ideoque
1114 2979 1221 3043 habe·

119 3089 229 3150 rentur
243 3093 295 3153 tot
307 3088 496 3154 Ecclesiae
508 3101 595 3172 quot
609 3084 743 3170 Status,
754 3096 807 3153 tot
820 3090 1015 3153 societates
1029 3087 1222 3168 religiosae

119 3199 194 3272 quot
215 3193 461 3260 Moderatores
479 3198 624 3278 civiles,
643 3215 707 3261 seu
733 3195 828 3278 quod
851 3197 945 3260 idern
964 3200 1030 3275 est,
1058 3211 1222 3257 recense·

120 3307 227 3366 rentur
244 3304 367 3386 plures
391 3303 581 3368 Ecclesiae
613 3304 764 3384 locales,
795 3304 1001 3385 peculiares
1019 3307 1056 3365 et
1073 3302 1222 3364 circum-

120 3411 273 3495 scriptae,
291 3413 436 3476 minime
451 3430 539 3476 vero
554 3412 721 3476 Ecclesia
737 3431 807 3475 una
822 3420 858 3475 at
872 3410 1103 3488 universalis;
1122 3413 1223 3489 atqui

121 3523 299 3602 conceptus
318 3518 608 3583 universalitatis
627 3525 662 3582 et
681 3518 948 3600 dependentiae
966 3517 1002 3580 iu
1020 3517 1088 3580 hoo
1115 3532 1223 3578 sensu

122 3626 287 3706 regiminis
306 3628 402 3691 inter
419 3645 458 3691 se
480 3631 658 3710 pugnant,
674 3628 760 3710 quia
785 3626 955 3706 societas,
976 3642 1068 3706 quae
1087 3623 1132 3686 ab
1151 3623 1225 3686 alia

122 3731 238 3808 pendet
253 3735 290 3797 in
306 3734 480 3816 regendo,
507 3751 579 3798 non
596 3734 730 3815 gaudet
751 3733 1001 3797 catholicitate
1020 3736 1056 3794 ut
1074 3735 1223 3793 cunctos

123 3840 256 3918 populos
270 3857 467 3923 omnesque
480 3841 643 3904 homines
657 3843 722 3904 sub
738 3841 816 3921 ejus
844 3840 1062 3903 auctoritate
1090 3837 1223 3920 ample·

123 3949 237 4028 ctatur;
254 3965 341 4030 ergo
363 3949 520 4012 societas
538 3948 711 4028 religiosa
728 3947 937 4012 attinersalis
966 3962 1035 4008 non
1054 3944 1170 4007 solum
1188 3943 1223 4006 in

84 4076 88 4084 ·
124 4051 289 4122 abstracto
314 4075 380 4122 seu
399 4057 521 4141 quoad
546 4057 772 4138 religionem,
792 4054 856 4118 sed
873 4053 981 4117 etiarn
1001 4052 1035 4115 iu
1052 4054 1224 4114 concreto

125 4155 1223 4252 seuquoadregimenexteriuS,hocest,tarnquamsocietasvi·

125 4265 221 4334 sibilis
232 4279 266 4336 et
278 4280 443 4354 externa,
456 4271 623 4355 perlecta
634 4275 742 4352 utque
757 4266 1005 4350 independens
1020 4262 1225 4328 essedebet.
