3034 4990
554 419 672 480 -367
695 453 734 464 -

74 560 192 643 litori,
208 560 355 645 quippe,
381 562 452 628 hac
464 563 728 647 praerogativa
754 563 824 628 soli
839 562 1032 629 Ecclesiae
1045 568 1081 629 et
1108 565 1211 630 nullo

72 667 187 732 modo
212 668 319 734 Petro
337 687 523 754 concessa,
553 676 590 735 et
621 671 766 736 nomine
790 669 983 736 Ecclesiae
1012 672 1209 737 subaudito

74 791 225 857 semper
238 776 373 859 populo
387 793 452 841 seu
466 782 573 842 coetu
584 776 757 859 fidelium,
769 775 816 840 ad
825 776 921 842 hanc
934 779 1209 844 conclusionem

76 881 290 946 necessario
318 881 598 964 deveniendum,
625 882 807 948 nimirum:
828 883 1012 949 Romanus
1036 884 1209 949 Pontifex
1308 921 1310 930 ,

76 991 163 1052 ante
193 1004 384 1052 assensum
418 987 606 1053 Ecclesiae
630 989 667 1053 in
703 988 870 1054 doctrina
885 989 971 1054 fidei
999 994 1109 1074 atque
1137 1007 1210 1056 mo·

76 1109 156 1158 rum
174 1111 250 1158 non
268 1097 325 1159 est
341 1093 558 1158 lufallibilis.
730 1151 733 1157 .

165 1199 223 1264 2.⁰
269 1199 441 1282 Episcopi
460 1201 496 1264 in
516 1200 586 1264 hoc
603 1204 802 1281 systemate
835 1205 1055 1283 potestatem
1088 1203 1211 1268 imme·

78 1305 177 1370 diste
195 1323 219 1369 a
232 1303 376 1372 Christo
391 1307 563 1372 collatam
583 1312 770 1390 exercent,
789 1308 854 1372 sed
879 1312 1022 1372 tantum
1050 1310 1212 1375 ministe-

76 1410 222 1493 rialem,
238 1413 384 1478 nomine
400 1419 526 1478 coetus
546 1414 735 1478 christiani
752 1418 789 1478 et
806 1413 873 1477 sub
906 1415 985 1495 eJus
1003 1414 1211 1496 dependen-

78 1517 140 1582 tia:
167 1517 257 1582 inde
284 1519 399 1600 leges,
426 1519 506 1582 sive
535 1519 571 1582 in
601 1517 760 1602 Synodo,
788 1520 867 1584 sive
891 1525 997 1584 extra
1026 1518 1213 1603 Synodum

79 1623 201 1688 editae
213 1623 379 1706 indigent
393 1625 521 1707 populi
534 1627 801 1708 acceptatione,
812 1643 982 1710 quaeper
989 1629 1212 1713 presbyteros

78 1737 229 1813 curatos,
243 1737 430 1814 tamquam
447 1747 587 1814 organa
599 1732 728 1814 Judicii
741 1736 777 1797 et
790 1749 989 1798 consensus
1003 1735 1209 1817 popularis,

79 1833 310 1902 hierarchice
325 1840 546 1920 praestatur.

166 1942 221 2006 3.⁰
276 1942 488 2025 Presbyteri
521 1946 557 2008 et
589 1944 806 2025 praesertim
837 1942 995 2008 Parochi
1027 1947 1213 2027 potestate

85 2046 286 2130 ordinaria,
304 2049 487 2132 etiamque
504 2048 713 2114 immediata
725 2066 749 2112 a
764 2048 920 2114 Domino
938 2055 1094 2132 accepta
1121 2067 1212 2132 gau-

81 2151 178 2236 dent;
197 2155 285 2220 hinc
297 2155 481 2238 Episcopi,
499 2156 551 2220 uti
568 2155 590 2219 J
593 2155 801 2220 ansenistae
813 2155 1001 2220 blaterare
1015 2157 1096 2221 ausi
1111 2159 1210 2238 sunt,

84 2261 340 2327 auctoritatem
351 2265 494 2327 tantum
512 2260 842 2328 extraordinariam
857 2261 894 2326 in
907 2262 1090 2343 parochos
1106 2279 1212 2327 exer·

83 2379 162 2431 cere
177 2368 322 2449 valent,
339 2385 470 2451 nempe
495 2367 542 2432 ad
570 2383 741 2432 excessus
760 2367 997 2449 corrigendos
1015 2369 1077 2435 vel
1109 2367 1211 2434 dele·

86 2477 158 2538 otus
173 2473 414 2557 supplendos.

168 2577 208 2646 Si
221 2584 345 2646 autem
356 2581 563 2664 praefatum
575 2586 737 2663 systema
749 2581 866 2645 relate
880 2579 928 2644 ad
940 2580 962 2644 J
966 2598 1006 2645 us
1020 2579 1212 2647 Publicum

85 2683 277 2756 Externum
289 2691 489 2772 spectetur,
507 2688 629 2754 docuit
643 2688 832 2753 Richerius
857 2687 1061 2751 Ecclesiam
1091 2703 1212 2767 neque

86 2793 155 2860 uim
168 2797 410 2862 coercitivam
428 2796 578 2878 habere,
597 2794 751 2878 ideoque
768 2794 812 2860 de
830 2793 957 2858 mediis
988 2793 1209 2857 necessariis

87 2899 130 2964 ad
143 2901 410 2969 beatitudinem
424 2903 595 2985 judicare
610 2904 871 2984 possetantum
888 2900 1036 2966 suasive
1056 2915 1100 2964 ac
1117 2897 1212 2964 dire-

88 3006 191 3091 oure,
210 3027 285 3074 non
302 3009 469 3075 coactive
494 3027 558 3074 seu
572 3025 709 3091 poenas
739 3006 960 3088 temporales
993 3003 1206 3086 irrogando:

87 3107 290 3197 Principem
307 3118 441 3197 autem,
463 3121 502 3179 ut
520 3114 704 3179 dominum
719 3111 955 3194 Reipublicae
970 3117 1007 3176 et
1022 3110 1210 3192 territorii,

88 3217 266 3286 vindicem
286 3239 331 3286 ac
344 3224 592 3302 protectorem
611 3235 692 3284 este
709 3218 801 3300 legis
833 3217 996 3297 divinae,
1031 3216 1213 3281 naturalis

90 3327 123 3386 et
136 3328 349 3410 canonicae,
368 3328 420 3392 ita
438 3333 476 3394 ut
492 3327 562 3408 ipsi
579 3329 763 3408 competat
777 3325 878 3406 leges
890 3324 1016 3405 figere,
1049 3322 1212 3403 gladium

91 3426 316 3516 distringere,
334 3439 372 3499 et
389 3432 671 3517 appellationes,
691 3449 781 3514 quas
797 3432 839 3497 ab
852 3433 961 3496 abusa
984 3435 1133 3510 vocant,
1157 3444 1212 3493 re·

90 3549 219 3617 cipere.

95 3693 99 3708 .
172 3645 251 3710 234.
299 3643 514 3730 Ecpiicclio.
530 3643 587 3710 Ex
603 3641 791 3710 Edmundo
805 3641 974 3708 Richerio
992 3641 1030 3706 in
1042 3641 1142 3706 linea
1157 3657 1213 3705 re·

90 3751 144 3810 cta
160 3750 387 3817 descendunt
402 3749 624 3815 Febroniani
649 3749 710 3833 qui
728 3750 806 3830 eJus
824 3765 988 3812 errorem
1007 3746 1208 3828 amplexati

91 3858 179 3936 sunt,
209 3873 353 3922 necnon
384 3855 630 3937 Jansenistae,
646 3853 770 3937 quiad
798 3853 1014 3918 exercitium
1040 3851 1213 3915 ecclesia·

92 3958 198 4028 eticae
210 3960 477 4045 jurisdictionis
493 3961 653 4026 fidelium
670 3977 888 4026 consensum
917 3958 1128 4040 exigebant,
1159 3958 1212 4022 uti

92 4060 199 4147 liquet
215 4087 263 4134 ex
278 4069 529 4152 propositione
546 4065 610 4134 XC
623 4065 821 4148 Quesnollii
832 4083 1008 4147 expresse
1022 4065 1210 4129 damnata:

92 4165 243 4254 Ecclesia
249 4185 457 4262 potestatem
470 4174 789 4242 excommunicandi
801 4173 909 4256 habet,
919 4179 957 4237 ut
969 4193 1044 4236 cam
1055 4178 1213 4237 coerceat

91 4269 150 4354 Per
161 4279 297 4350 Primos
313 4283 477 4350 Pastores
491 4283 533 4347 de
554 4302 718 4347 consensu
727 4281 849 4346 saltem
860 4279 1086 4363 praesumpto
1099 4279 1212 4362 ipsius

97 4391 255 4469 corporis.
