3024 4994
525 391 702 449 -179-

74 535 503 620 criminali-Comparitio
521 534 581 620 (Et
597 556 686 602 umor
702 537 826 623 ipsine,
841 537 994 602 nesciens
1015 533 1105 619 quod
1119 535 1174 622 fa·

72 647 273 734 eturnsuerat
290 645 461 726 introivit)
478 682 522 692 -
535 643 780 727 Interrogatio
800 645 919 724 (Dimit
935 651 1048 710 autem
1066 644 1097 708 ei
1114 643 1174 706 Pe·

71 761 146 820 trus:
159 753 224 819 Dic
241 753 339 833 mihi,
357 754 494 834 mulier,
509 753 541 818 si
558 754 647 818 tanti
665 773 786 839 aprum
818 749 1174 831 vendidistis?)-De-

71 860 209 926 claratio
222 859 276 925 rei
289 857 349 943 (Ar
361 861 431 926 ista
443 859 546 926 dimit:
559 860 663 925 etiam
675 851 1022 938 tonti)—'-Aceusati0
1037 858 1175 936 (Petrus

70 976 170 1034 autem
180 968 228 1034 ad
239 988 327 1033 eant:
342 965 433 1043 Quid
451 968 566 1051 utique
582 967 739 1034 conuenit
750 966 845 1032 uobis
858 973 990 1031 tentare
1013 965 1176 1049 spiritum

71 1073 466 1150 Dumium-Confessio
481 1072 648 1157 (Saphira
667 1073 750 1138 silet
767 1076 804 1137 et
824 1073 935 1138 tacite
952 1090 1033 1138 sese
1057 1071 1176 1136 deela-

69 1187 121 1246 rat
135 1183 338 1248 convictam
372 1185 408 1246 et
432 1181 651 1260 confessam)
666 1215 706 1227 -
722 1179 910 1246 Sententia
943 1179 1044 1262 (Eece
1068 1180 1178 1264 pedes

70 1310 171 1356 eorum
183 1291 242 1374 qui
254 1289 464 1374 sepelierant
475 1288 589 1354 airam
602 1296 709 1371 tuum,
725 1295 756 1354 et
768 1287 915 1374 efferent
928 1285 1175 1365 te)--Exsecu-

69 1395 111 1461 tio
128 1397 327 1462 sententiae
345 1393 547 1482 (Confestim
564 1395 686 1462 cecidit
699 1394 897 1479 antepedes
914 1395 1000 1481 ejus,
1015 1401 1047 1458 et
1063 1395 1177 1479 euspi-

69 1505 174 1585 rooit):
190 1504 242 1568 ita
258 1503 369 1568 etiam
386 1502 522 1567 Doctor
539 1502 701 1584 gentium
733 1501 913 1584 praecipit
941 1500 1104 1566 comburi
1136 1501 1175 1565 ti-

68 1612 143 1677 hros
158 1612 300 1676 oblatos
316 1611 361 1674 ab
380 1610 431 1674 eis
449 1609 511 1693 qui
527 1609 674 1674 fuerant
691 1608 836 1674 curiosa
851 1607 981 1672 sectati
995 1607 1055 1689 (1),
1076 1610 1113 1672 et
1130 1606 1178 1671 ad

69 1719 260 1785 Corinthios
277 1719 440 1784 scribens
454 1716 559 1799 jubet
576 1721 614 1782 ut
629 1718 856 1782 incestuosus
870 1717 946 1800 jam
965 1716 1010 1781 ab
1028 1716 1106 1798 ipso
1116 1717 1175 1804 ju-

69 1829 191 1894 dicatur
206 1844 288 1893 eum
306 1826 440 1892 virtute
456 1825 601 1890 Domini
615 1825 729 1890 nostri
746 1825 834 1889 Jesu
866 1826 1029 1892 tractatur
1061 1825 1177 1913 haJ'ua·

69 1936 150 2000 modi
164 1943 308 2002 satanae
325 1935 362 1999 in
378 1935 555 2000 interitu-m
574 1935 703 2015 earnis,
718 1939 756 1997 nt
774 1933 921 2016 spiritua
938 1933 1055 1997 soloas
1079 1934 1125 1998 eit
1141 1933 1178 1998 in

70 2045 115 2108 die
131 2044 271 2110 Domini
285 2043 395 2108 nostri
406 2042 491 2107 Jeou
510 2037 639 2108 Christi
657 2041 717 2122 (2).
737 2038 762 2120 ¹³)
775 2039 830 2104 Ex
843 2041 1026 2106 sententia
1038 2041 1075 2105 in
1089 2038 1178 2106 Con·

70 2151 140 2215 tilio
158 2149 489 2232 Hierosolymitano
506 2148 581 2213 lata
599 2148 645 2214 ad
674 2147 870 2212 finiendam
888 2149 1178 2214 controversiam

70 2257 296 2323 anthiochiae
314 2263 430 2322 ortam
460 2257 559 2322 eirea
584 2256 839 2322 necessitatem
857 2256 1174 2322 eircumeissionis:

75 2365 178 2432 Viam
196 2373 246 2434 eat
258 2368 350 2432 enim
365 2365 516 2451 Spiritui
532 2365 669 2448 Sancto,
688 2372 719 2430 et
737 2366 842 2446 nohis,
858 2365 946 2431 nihil
962 2366 1056 2432 ultro
1070 2367 1177 2450 impo-

71 2494 136 2539 nere
153 2475 245 2540 vobio
262 2473 376 2540 oneris
389 2492 491 2556 quom
503 2471 586 2538 haee
600 2471 807 2536 necessaria:
824 2477 862 2536 ut
891 2471 1094 2536 abstineatis
1119 2492 1178 2538 eor

71 2582 104 2644 ab
128 2582 314 2648 immolatis
341 2580 617 2661 simulacrorum,
636 2586 668 2644 et
690 2579 868 2665 sanquine,
887 2587 918 2645 et
946 2579 1128 2666 suffocato,
1147 2587 1178 2645 et

68 2689 345 2770 fornicationne
373 2688 751 2772 quihus.ouatodientee
775 2707 843 2769 ooo,
869 2687 949 2753 hene
979 2688 1087 2772 apetie
1115 2686 1175 2770 (3);

71 2797 184 2877 quibus
201 2796 325 2862 verbis
343 2795 509 2879 Apostoli
533 2801 659 2876 aperte
677 2794 913 2859 declararunt
930 2794 1175 2876 praesentiam

71 2899 180 2968 Sancti
207 2902 373 2987 Spiritus,
394 2902 626 2985 divinamque
647 2900 836 2984 judicandi
854 2904 1085 2983 potestatem,
1105 2917 1178 2984 qua

71 3011 210 3077 coelitus
232 3010 397 3094 insigniti
414 3013 533 3074 erant.
551 3013 576 3090 ⁰)
594 3009 650 3074 Ex
667 3009 830 3092 epistolis
854 3007 888 3074 S.
909 3008 1024 3090 Pauli;
1043 3009 1177 3073 etenim

71 3115 243 3184 Timotheo
268 3117 443 3202 quasdam
461 3116 709 3181 solemnitates
735 3114 928 3197 judiciales
945 3114 1174 3198 praeseribit:

72 3221 232 3292 Aduersus
243 3227 483 3312 presbyterum
501 3225 753 3290 accurationem
766 3222 837 3287 noli
853 3223 1015 3308 recipere,
1034 3223 1103 3288 nisi
1116 3221 1176 3287 suh

72 3330 283 3416 duobussout
311 3333 421 3398 trihus
449 3332 590 3396 testibus
613 3331 674 3411 (4);
694 3333 730 3396 et
760 3327 965 3409 Corinthiis,
985 3335 1178 3412 postquam

72 3435 141 3504 illos
152 3441 388 3506 vehementer
401 3437 698 3521 reprehendisset
715 3453 758 3501 eo
777 3435 871 3520 quod
885 3435 1001 3522 frater
1017 3455 1092 3500 eam
1102 3434 1177 3521 fra·

72 3547 267 3634 injudicio
296 3545 511 3613 contenderet
539 3552 570 3610 et
597 3545 657 3611 hoc
686 3543 782 3628 apud
811 3543 973 3630 infideles,
1000 3541 1178 3624 simulque

72 3666 268 3731 processum
292 3654 496 3720 arbitralem
520 3651 811 3717 commendasset
829 3649 900 3730 (Sic
917 3671 984 3716 non
1013 3657 1062 3715 eat
1088 3649 1180 3714 inter

73 3777 122 3823 oos
145 3764 282 3847 sopiens
307 3761 498 3845 quisquam,
516 3762 574 3844 qui
592 3761 707 3844 poerit
723 3758 890 3846 judicare
914 3759 1004 3823 inter
1029 3756 1179 3843 fratrem

75 3947 241 3964 “ss-——u-o

132 4098 167 4164 (l)
199 4101 424 4168 Ibid.X1X,19.

132 4172 167 4237 (u)
202 4173 294 4241 Epist.
308 4173 330 4238 1,
345 4188 406 4242 esp.
422 4172 455 4240 V,
468 4187 506 4226 vv
516 4175 541 4238 8,
554 4174 569 4224 t
580 4175 609 4225 et
622 4175 646 4225 5.

135 4243 171 4306 (t)
207 4245 268 4298 het.
283 4246 381 4310 apost
395 4259 456 4312 cap.
469 4243 534 4310 XV,
549 4259 594 4297 vv.
605 4245 639 4296 28
653 4246 682 4296 et
694 4245 737 4296 29.

137 4311 172 4382 (4)
207 4317 298 4384 Epist.
312 4318 334 4383 1,
348 4331 409 4384 cap.
422 4315 455 4385 V,
469 4331 493 4368 v.
510 4317 550 4372 19.
