3034 4990
785 369 964 430 -328-

316 517 426 596 atque
444 511 750 596 perturbationem
776 516 938 578 attamen
954 511 1110 578 adnexio
1146 513 1206 580 vel
1235 511 1446 578 vinculatio

316 617 542 700 principatus
556 621 619 682 aut
632 617 895 698 jurisdictionis
908 618 1142 700 praelaturae
1160 618 1445 684 ecclesiasticae

315 724 521 805 praesefert
537 724 714 790 utilitates
733 725 919 808 utriusque
936 725 1158 808 systematis,
1177 725 1256 790 sive
1273 725 1445 806 electivi,
1515 803 1516 806 Ἴ

316 829 395 894 sive
427 829 675 914 haereditarii,
694 831 832 914 absque
861 831 1097 898 incommodis
1129 831 1340 899 eorumdem
1357 849 1445 914 pro·
1515 815 1516 910 l

316 936 418 1018 priis.

406 1042 452 1107 ut
465 1060 566 1126 eane,
582 1043 675 1108 duae
689 1043 899 1126 potissimae
911 1044 1087 1110 utilitates
1102 1045 1286 1110 recenseri
1299 1061 1446 1108 meren·
1515 1053 1516 1112 3

317 1148 742 1232 turinformeelectiva,
778 1167 922 1234 nempe,
956 1151 1073 1232 major
1101 1150 1280 1216 idoneitas
1309 1151 1446 1232 guber·
1515 1157 1516 1168 ³

317 1255 489 1322 nantiset
520 1256 647 1322 melior
674 1257 852 1322 securitas
885 1261 1009 1322 rectae
1040 1257 1327 1338 gubernationis;
1357 1257 1446 1340 pari

316 1363 422 1428 modo
437 1363 529 1428 duae
540 1364 716 1429 utilitates
731 1381 796 1447 pro
810 1365 928 1430 torma
941 1363 1189 1429 haereditaria
1202 1364 1374 1446 militant,
1391 1365 1445 1430 vi·
1515 1361 1516 1378 ¹

317 1469 462 1552 delicet,
478 1471 700 1536 assecuratio
718 1471 820 1552 pacis
833 1471 1002 1552 publicae
1016 1473 1053 1536 et
1066 1470 1216 1536 firmitas
1229 1471 1267 1536 in
1281 1470 1443 1536 duratio·

317 1594 375 1642 ne.
395 1577 473 1658 Age
483 1577 572 1659 Jam,
587 1577 814 1659 principatus
832 1577 1069 1658 praelaturae
1086 1577 1363 1643 ecclesiasticae
1379 1577 1443 1642 ad·
1515 1591 1516 1654 l

317 1702 432 1750 nexus
448 1684 485 1748 in
502 1701 540 1750 se
554 1701 624 1750 uno
641 1685 802 1750 continet
816 1683 990 1767 quidquid
1006 1684 1091 1750 boni
1109 1689 1146 1750 et
1163 1684 1260 1750 utilia
1277 1685 1315 1749 in
1345 1692 1443 1749 utro·

319 1808 388 1874 que
404 1795 604 1873 systemate
637 1791 832 1874 reperitur:
853 1791 963 1856 habet
996 1792 1186 1857 commoda
1205 1791 1442 1858 monarchiae
1515 1779 1516 1790 ’

318 1897 512 1978 electivae,
527 1897 613 1980 quia
629 1914 710 1963 cum
728 1897 917 1963 Ecclesiae
935 1897 1128 1964 Praesules
1156 1916 1228 1964 non
1241 1903 1443 1964 nascantur

318 2003 356 2069 in
367 2003 437 2068 hac
454 2003 631 2086 dignitate
649 2003 847 2086 constituti,
868 2004 933 2070 sed
946 2003 1142 2086 eligantur,
1158 2005 1380 2087 regulariter
1393 2005 1443 2070 lo·

318 2109 511 2192 quendoet
537 2111 644 2191 Juxta
674 2111 870 2176 canonicas
899 2111 1222 2192 praescriptiones,
1256 2110 1442 2193 eliguntur

318 2233 498 2296 personae
510 2233 665 2298 magnae
683 2216 888 2299 probitatis,
903 2217 1092 2298 scientiae,
1112 2220 1149 2282 et
1182 2217 1350 2298 peritiam
1385 2217 1441 2282 ain

317 2339 407 2388 vero
426 2323 622 2406 aliquando
639 2323 860 2388 contrarium
875 2326 1036 2405 eveniat,
1051 2323 1087 2388 id
1120 2342 1244 2390 omnes
1276 2325 1441 2406 perfecte

318 2435 451 2495 norunt
468 2447 540 2494 non
559 2431 648 2496 vitio
667 2431 904 2496 institutionis
928 2431 993 2496 sed
1007 2447 1248 2514 personarum
1281 2432 1439 2497 tribuen-

319 2535 403 2600 dum
416 2551 509 2600 ease:
528 2536 780 2619 complectitur
797 2537 906 2602 etiam
924 2537 1020 2602 bona
1037 2548 1147 2620 atque
1160 2537 1352 2602 commoda
1368 2556 1439 2602 mo·

317 2641 493 2708 marchiae
510 2641 791 2726 haereditariae,
807 2645 941 2710 etenim
955 2644 1087 2710 electio
1103 2645 1367 2726 ecclesiastica,
1381 2662 1440 2726 ge-

318 2749 494 2814 neraliter
525 2767 668 2833 quoque
698 2750 895 2833 loquendo,
925 2751 965 2816 fit
995 2752 1149 2834 pacifice
1180 2752 1259 2817 sine
1277 2753 1438 2834 periculo

318 2855 644 2937 perturbationum,
672 2857 803 2922 saltem
834 2858 950 2922 relate
992 2858 1039 2923 ad
1067 2859 1266 2924 electiones
1295 2859 1435 2936 civilem

318 2969 488 3028 servatur
504 2963 656 3044 proinde
674 2981 748 3045 pax
760 2964 919 3046 socialis,
945 2965 1125 3048 simulque
1158 2965 1345 3032 obtinetur
1372 2965 1440 3030 sin·
1515 2971 1516 3022 l

319 3066 456 3148 gularia
474 3067 652 3134 idoneitas
666 3070 705 3134 in
718 3069 848 3134 electo.

408 3173 669 3255 Argumentum
686 3175 899 3241 historicum:
918 3176 1156 3242 identificatio
1174 3177 1365 3259 utriusque
1380 3195 1439 3260 po·
1515 3215 1516 3248 ;

319 3279 462 3344 testatis
491 3281 626 3361 passim
657 3286 812 3363 apparet
841 3287 962 3347 aetate
990 3282 1123 3366 media,
1157 3286 1377 3366 praesertim
1403 3283 1440 3346 in

321 3382 530 3466 Germania,
551 3385 610 3450 ubi
627 3387 751 3469 plures
768 3386 941 3470 Episcopi
973 3393 1010 3452 et
1041 3389 1216 3469 Abbates,
1247 3390 1439 3454 occasione

319 3489 509 3555 feudorum
524 3490 660 3556 diversi
676 3491 823 3574 grados,
853 3489 942 3559 facti
956 3511 1099 3578 quoque
1117 3495 1265 3560 fuerant
1277 3495 1359 3560 sive
1379 3494 1439 3559 ba·

320 3611 440 3676 rones,
456 3587 606 3662 comite's
630 3602 693 3664 aut
728 3599 971 3679 marchiones,
990 3601 1071 3665 sive
1103 3600 1226 3682 duces,
1246 3601 1328 3666 sive
1342 3599 1440 3666 Prin·

320 3700 420 3782 cipes
438 3701 548 3766 etiam
574 3702 773 3768 immediati
786 3702 889 3770 Sacri
921 3705 1075 3771 Romani
1100 3706 1263 3790 Imperii,
1290 3723 1438 3790 quorum

320 3807 510 3873 feudorum
525 3810 586 3875 vel
605 3811 873 3892 principatuum
892 3829 1005 3878 causa
1023 3818 1104 3878 orta
1120 3818 1178 3878 est
1202 3814 1439 3880 celeberrima

320 3911 365 3976 de
377 3913 604 3980 investituris
618 3917 796 3998 quaestio,
812 3935 894 3982 cum
906 3917 1087 3985 Henricus
1103 3919 1153 3985 IV
1166 3919 1372 4003 Imperator
1382 3936 1439 3985 co·

320 4017 425 4082 mites
442 4019 479 4082 in
496 4019 697 4103 Episcopos
723 4028 940 4088 convertere
972 4025 1099 4108 vellet,
1134 4026 1204 4092 sibi
1220 4025 1438 4092 vindicando

322 4123 575 4206 episcoporum
587 4131 624 4192 et
637 4128 808 4194 abbatum
823 4125 1053 4214 electionem,
1073 4147 1116 4198 eo
1130 4133 1228 4214 quod
1246 4132 1356 4198 feuda
1367 4131 1438 4196 illis

322 4228 506 4294 conferret
524 4247 590 4312 per
607 4235 839 4300 traditionem
856 4253 929 4302 non
947 4237 1092 4318 quidem
1105 4240 1234 4323 sceptri
1249 4241 1286 4304 et
1297 4257 1438 4306 coronae
