3120 4988
808 409 965 468 „46-

328 569 560 635 permanens;
580 553 680 635 atqui
706 552 895 618 conflictus
911 543 1063 618 duarum
1081 555 1296 620 societatum
1324 559 1383 620 est
1400 557 1456 622 in·

328 658 508 724 ordinatio
535 677 598 724 seu
628 659 867 742 perturbatio,
902 678 996 743 quae
1025 661 1169 744 concipi
1190 663 1315 744 nequit
1342 657 1458 744 juxta

328 772 482 832 mentem
513 767 627 830 divini
644 767 862 832 Fundatoris
880 767 1081 850 Ecclesiae,
1102 773 1138 832 et
1155 767 1239 834 inde
1253 775 1372 834 ortum
1390 770 1457 834 ha-

327 874 388 938 bet
406 875 615 958 evulgatum
634 875 779 938 axioma
796 882 906 940 status
924 877 961 940 ia
974 883 1067 940 statu
1084 883 1267 961 repropinata
1283 893 1372 959 ergo
1391 877 1457 942 ad·

328 979 420 1044 mitti
438 981 562 1064 nequit
591 981 803 1063 hypothesis
823 981 1058 1064 perfectionis
1072 991 1179 1065 atque
1206 981 1457 1064 independen-

329 1087 402 1152 tiae
419 1088 586 1152 societati
604 1089 877 1152 ecclesiasticae
895 1091 1147 1172 competentis.

415 1194 522 1276 Resp.
543 1196 636 1259 Disr.
657 1196 757 1276 maj.:
792 1201 1006 1278 sequeretur
1023 1195 1211 1260 conflictus
1222 1217 1289 1281 per
1313 1219 1363 1280 se,
1383 1197 1459 1263 hoo

328 1307 395 1383 est,
415 1302 589 1384 spectatis
604 1301 686 1384 fine,
703 1307 834 1366 nutura
850 1305 885 1366 et
898 1302 1125 1368 institutione
1138 1303 1323 1386 utriusque
1336 1305 1458 1369 socie·
1519 1361 1522 1368 r

326 1409 424 1490 tatis,
444 1430 539 1495 cepa·
551 1430 619 1494 per
641 1411 813 1490 accidens,
832 1410 868 1474 id
887 1417 952 1490 est,
974 1411 1170 1494 aliquando
1189 1417 1226 1476 et
1243 1413 1458 1495 partialiter

326 1533 372 1580 ex
390 1517 588 1599 contigenti
619 1518 740 1599 aliquo
760 1517 943 1598 adjuncto,
972 1527 1060 1600 puta
1081 1537 1127 1583 ex
1145 1520 1234 1583 vitio
1251 1519 1457 1602 hominum,

327 1624 446 1705 potius
465 1642 553 1688 vero
580 1625 856 1706 magistratuum
875 1625 1037 1690 civilium
1053 1645 1159 1709 quam
1184 1628 1458 1693 ecclesiastico·

328 1748 418 1813 rum,
436 1732 533 1814 quia,
555 1738 592 1796 ut
609 1733 733 1814 ajebat
750 1731 782 1798 S.
802 1733 1026 1816 Ambrosius,
1053 1735 1250 1820 cupidiores
1279 1744 1362 1800 suot
1386 1737 1459 1800 Im·

321 1847 503 1921 pecatores
518 1841 724 1921 sacerdotio,
751 1861 854 1924 quam
878 1839 1081 1906 Sacerdotes
1106 1843 1251 1926 imperio
1274 1842 1333 1926 (1),
1356 1864 1458 1908 coco.

417 1945 542 2026 Quoad
561 1949 734 2012 minorem
753 1969 847 2033 nepo,
867 1949 952 2030 quia
982 1949 1209 2030 perturbatio
1231 1950 1280 2014 ibi
1309 1953 1459 2014 tantum

328 2070 408 2118 esse
421 2059 552 2136 potest,
570 2054 628 2117 ubi
649 2055 750 2118 nulla
763 2059 818 2119 est
839 2055 932 2118 ratio
949 2055 1097 2138 ordinis,
1132 2038 1239 2138 idest,
1273 2057 1302 2120 si
1330 2058 1459 2122 coexi-

326 2166 464 2224 stentes
482 2160 677 2225 societates
696 2178 768 2225 non
786 2161 890 2225 modo
910 2162 1004 2226 inter
1021 2180 1060 2226 se
1074 2163 1270 2228 distinctae
1285 2164 1373 2243 sint,
1393 2183 1461 2228 ve-

327 2285 405 2332 rum
435 2268 543 2332 etiam
577 2268 685 2350 plane
716 2268 932 2350 disjunctae,
952 2270 1123 2354 nulloque
1154 2279 1262 2353 pacto
1292 2271 1391 2334 inter
1419 2289 1462 2336 se

328 2375 575 2440 coordinatae.
596 2374 643 2440 At
658 2374 837 2457 Ecclesia,
870 2374 1068 2460 civilisque
1086 2378 1244 2442 societas
1263 2377 1461 2442 coordina-

327 2487 387 2548 tae
403 2483 498 2548 inter
516 2501 554 2548 se
572 2487 666 2565 sunt,
686 2482 737 2547 ita
752 2490 790 2546 ut
803 2484 921 2548 civilis
935 2485 1092 2549 societas
1105 2485 1153 2549 sit
1169 2484 1357 2549 Ecclesiae
1372 2487 1461 2550 sub-

327 2590 507 2672 ordinate,
522 2589 821 2673 quemadmodum
835 2591 914 2654 vita
924 2591 1135 2674 temporalis
1146 2601 1201 2656 est
1214 2591 1463 2658 subordinate

328 2697 428 2762 vitae
446 2701 631 2761 aeternae.
650 2697 686 2762 Si
716 2697 827 2779 igitur
845 2699 1007 2764 oriantur
1037 2700 1238 2784 conflictus,
1257 2701 1309 2764 ita
1331 2701 1463 2764 omnia

328 2805 568 2870 determinata
597 2813 692 2888 sunt,
714 2811 752 2870 ut
780 2807 881 2870 nulla
899 2807 1012 2888 possit
1040 2807 1175 2872 exoriri
1210 2806 1460 2890 perturbati0,

327 2914 458 2979 nisiex
477 2913 658 2980 hominum
677 2915 816 2978 malitia
834 2915 893 2979 vel
910 2915 1012 2979 vitio.
1033 2914 1078 2979 Et
1096 2913 1241 2998 quidem
1261 2915 1379 2996 ipsum
1396 2915 1463 2996 Jus

328 3022 496 3086 naturale
512 3022 658 3104 regulas
675 3022 905 3105 praescribit,
923 3022 1052 3106 quibus
1078 3028 1114 3087 et
1146 3021 1273 3086 modus
1292 3025 1328 3085 et
1337 3021 1463 3102 judex

328 3127 538 3209 designatur
556 3128 601 3192 ud
620 3129 889 3192 controversias
921 3130 1016 3192 inter
1033 3129 1245 3194 societatem
1277 3129 1464 3210 majorem

329 3251 372 3317 ac
404 3235 577 3299 minorem
609 3241 707 3299 ortas
733 3235 965 3300 dirimendas:
1002 3238 1136 3302 etenim
1170 3229 1230 3300 vel
1259 3236 1464 3302 societates

330 3347 413 3406 sunt
429 3341 569 3405 ratione
588 3341 668 3406 linis
686 3359 793 3423 pares
809 3344 868 3406 vel
886 3343 1056 3426 impares;
1073 3344 1103 3408 si
1117 3343 1288 3424 impares,
1303 3343 1373 3406 hoc
1386 3350 1463 3428 est,

329 3469 401 3515 una
419 3449 569 3514 tendens
587 3449 756 3514 adfinem
775 3451 972 3532 superioris
990 3451 1139 3532 ordinis,
1160 3451 1277 3514 altera
1307 3449 1464 3515 inferio-

329 3559 390 3640 ris,
406 3576 532 3622 norma
547 3562 602 3622 est
616 3558 708 3622 banc
727 3557 857 3623 cedere
873 3561 1024 3642 primae3
1045 3559 1128 3624 hinc
1159 3561 1316 3625 societas
1333 3559 1464 3625 civilis

329 3665 437 3730 cedat
454 3665 654 3746 Ecclesiae;
674 3666 704 3729 si
722 3683 830 3746 pares
849 3671 886 3730 ut
902 3665 995 3730 duae
1024 3667 1203 3748 nationes,
1224 3673 1309 3729 tunc
1326 3666 1388 3729 vel
1409 3666 1465 3731 di-

330 3773 457 3837 vidant
473 3773 604 3838 bonum
636 3772 682 3836 ad
700 3770 795 3855 quod
812 3773 941 3837 ambae
959 3791 1023 3855 per
1044 3791 1082 3837 se
1104 3774 1162 3854 jus
1174 3772 1330 3853 ‚babent
1351 3771 1382 3836 si
1403 3779 1467 3838 est

330 3880 524 3962 divisibile,
544 3879 605 3944 vel
622 3885 803 3944 statuatur
828 3881 1088 3964 compensatio;
1109 3880 1204 3964 quod
1220 3881 1251 3944 si
1268 3880 1465 3962 imposibi-

328 3988 362 4053 le
380 3989 499 4069 i'uerit,
516 3988 561 4052 ad
579 3993 695 4054 sortes
715 3987 974 4052 recurrendum
992 3993 1101 4065 esset,
1122 3977 1207 4071 quin
1234 4005 1281 4053 ex
1298 3993 1467 4073 utraque

329 4101 435 4180 parte
452 4114 636 4178 nunquam
655 4113 719 4178 per
738 4113 777 4159 se
789 4095 936 4159 adesset
949 4112 1061 4158 causa
1075 4095 1163 4178 justi
1176 4095 1275 4158 belli.

401 4338 440 4404 (ll
530 4336 535 4346 '
