3030 4990
788 350 942 406 46-.

307 493 444 575 clerice,
464 493 641 560 Rectorem
658 513 759 559 verae
772 470 950 580 religionis
968 495 1029 576 (1);
1044 495 1108 559 sed
1124 495 1299 577 ejusmodi
1317 495 1423 562 deno·

304 601 562 666 minationibus
572 601 748 666 neoterici
761 601 870 683 plane
885 602 1093 685 abutuntur,
1108 603 1283 686 siquidem
1292 620 1334 667 eo
1347 609 1423 668 tan-

305 713 379 772 tum
397 725 507 772 sensu
524 707 668 773 dicendi
684 713 768 773 sunt
784 707 972 792 Principes
990 710 1194 792 sacerdotes,
1211 727 1281 792 quo
1299 709 1424 776 fideles

304 819 484 880 vocantur
496 835 606 902 repes,
618 833 714 880 nunc
731 833 833 898 vero,
851 815 988 898 fideles,
1004 835 1046 882 eo
1060 817 1155 900 quod
1167 817 1203 882 in
1216 816 1336 882 Sacris
1352 816 1423 882 Lit-

305 923 393 986 teris
410 923 585 1005 scriptum
613 924 672 988 sit:
687 923 782 988 Fecit
808 945 870 990 uos
893 945 1044 1010 reguum,
1062 925 1205 990 nonnisi
1228 925 1424 1007 improprie

306 1035 561 1111 nuncupantur
577 1050 683 1116 rapae,
701 1031 753 1094 ita
769 1031 878 1094 etiam
906 1031 1035 1114 Reges,
1055 1049 1098 1095 eo
1127 1031 1222 1114 quod
1238 1029 1424 1114 Scriptura

305 1135 415 1201 dicat:
435 1137 548 1222 regule
565 1139 806 1219 sacerdotium,
825 1139 1039 1221 acceptione
1061 1141 1199 1202 tantum
1227 1138 1424 1222 impropria

304 1243 499 1310 sacerdotes
516 1245 697 1328 appellari
715 1251 876 1328 possunt.

395 1347 536 1432 Object.
554 1351 608 1416 3.·
625 1351 740 1434 Reges
757 1357 867 1435 atque
884 1353 994 1417 etiam
1011 1350 1213 1433 Optimates
1241 1353 1423 1416 interven·

304 1461 439 1524 tionem
453 1468 490 1524 et
518 1459 664 1544 quidem
679 1459 1021 1544 principalissimam
1052 1462 1088 1525 in
1105 1457 1276 1525 Oonciliis
1295 1460 1424 1524 babue-

304 1573 400 1650 runt,
442 1570 660 1651 praesertim
705 1587 794 1634 vero
822 1569 859 1634 in
887 1569 1184 1635 celebratissimis
1216 1567 1425 1652 Hispanicis

305 1669 490 1757 Conciliia3
524 1675 658 1740 etenim
688 1680 919 1742 monumenta
952 1677 1125 1742 historica
1154 1675 1363 1740 authentica
1391 1677 1425 1737 et

305 1779 487 1864 lidedigna
504 1782 681 1864 ejusmodi
693 1784 833 1866 regium
860 1784 1105 1850 interventum
1123 1785 1352 1866 apertissime
1377 1788 1424 1846 te·

304 1892 460 1972 stantur,
476 1891 528 1954 uti
545 1890 718 1973 colligere
736 1893 793 1956 ias
810 1895 924 1956 estex
941 1894 1150 1972 assistentia,
1167 1891 1424 1976 subscriptione,

305 1995 590 2082 dispositionibus
616 2005 652 2063 et
679 1999 891 2066 absolutione
920 2017 1167 2079 censurarum,
1198 2016 1291 2082 quae
1308 1998 1424 2063 omnia

304 2111 457 2186 peracta
473 2123 554 2170 esse
571 2105 736 2170 videmus
754 2124 776 2170 a
793 2107 926 2171 nostris
943 2105 1149 2170 Monarchis
1167 2107 1203 2170 in
1220 2105 1424 2170 memoratis

306 2210 565 2276 ecclesiasticis
583 2212 758 2276 coetibus.
777 2212 894 2295 Igitur
926 2211 1187 2295 Episcoporum
1206 2228 1375 2275 assensus
1391 2213 1424 2272 et

306 2315 549 2383 Conciliorum
582 2320 799 2401 approbatio
831 2319 972 2384 actibus
1015 2319 1222 2401 Principum
1250 2317 1423 2403 praestita

305 2424 415 2506 plane
449 2425 643 2490 ostendunt
659 2426 755 2490 banc
787 2425 1107 2508 participationem
1124 2443 1197 2490 non
1210 2427 1320 2490 fuisse
1337 2424 1422 2505 inju-

305 2531 439 2596 riosam
453 2531 514 2596 vel
527 2532 710 2614 injustam,
726 2531 796 2598 boc
812 2539 879 2615 est,
899 2533 1170 2617 usurpationem
1186 2536 1249 2598 aut
1261 2531 1423 2596 intrusio·

305 2655 387 2702 nem
405 2637 551 2721 proprie
570 2638 717 2720 dictam,
734 2639 797 2703 sed
816 2639 1029 2704 exercitium
1044 2640 1137 2720 juris
1165 2639 1304 2722 proprii
1321 2637 1422 2702 Coro·

305 2762 375 2809 nae
404 2745 593 2828 vinculati,
622 2747 777 2829 ideoque
805 2746 1008 2812 Ecclesiam
1037 2763 1105 2812 nec
1132 2744 1422 2831 independentia,

304 2871 373 2918 nec
400 2854 623 2936 suprematia
652 2853 813 2936 gaudere
842 2856 878 2919 in
896 2855 939 2920 iis
967 2873 1063 2940 quae
1081 2855 1129 2920 ad
1153 2855 1367 2936 religionem
1393 2851 1424 2912 et

305 2961 413 3026 finem
426 2962 743 3044 supernaturalem
757 2964 970 3044 respiciunt.

393 3070 502 3153 Resp.
521 3071 614 3136 Diat.
647 3071 881 3136 antecedens:
916 3073 1103 3154 Principes
1133 3075 1169 3136 et
1199 3069 1424 3136 Proceresin

306 3175 476 3242 Consiliis
495 3177 687 3260 aliquoties
715 3179 1022 3244 interventionem
1040 3180 1255 3261 habuerunt,
1275 3195 1357 3242 cum
1384 3175 1423 3240 de

306 3284 413 3348 rebus
432 3301 529 3348 mere
542 3284 792 3366 spiritualibus
818 3289 855 3348 et
870 3285 1142 3366 ecclesiasticis,
1161 3282 1281 3364 idest,
1301 3283 1347 3347 ad
1375 3298 1422 3346 re·

306 3391 477 3472 ligionem
495 3390 556 3456 vel
583 3390 786 3455 Ecclesiam
818 3396 958 3456 tantum
976 3391 1227 3474 spectantibus
1244 3397 1421 3472 ageretur,

305 3518 400 3582 nepa
420 3515 501 3562 cum
516 3497 679 3562 derebus
693 3498 955 3580 temporalibus
973 3505 1009 3563 et
1026 3498 1208 3581 civilibus,
1226 3514 1368 3579 nempe,
1383 3491 1423 3557 ad

306 3605 608 3687 tranquillitatem
641 3604 823 3687 publicam
852 3606 1037 3670 societatis
1066 3608 1103 3670 et
1136 3605 1423 3670 constitutionem

305 3711 492 3792 politicam
509 3711 630 3776 Status
648 3713 964 3794 concernentibus,
985 3712 1239 3794 dissereretur,
1258 3731 1350 3776 conc.

394 3817 451 3882 Ad
472 3818 707 3901 probationes
725 3822 846 3884 autern
871 3837 917 3884 ex
935 3817 1106 3884 Oonciliis
1123 3818 1346 3902 Hispanicis,
1364 3814 1423 3880 To·

304 3923 436 3989 letanie
453 3926 609 3990 maxime
627 3925 849 4009 desumptas,
869 3927 998 4010 quibus
1017 3925 1162 4009 adsunt,
1181 3923 1418 3998 subscribunt,

346 4101 484 4109 ----—-

375 4267 413 4330 (l)
444 4261 737 4319 {latusim-Conui.
753 4261 958 4320 limatum.
972 4267 994 4327 1,
1004 4281 1067 4338 pag.
1078 4269 1139 4320 405.
