3024 4994
536 455 572 470 ·-
598 423 715 484 235-

154 563 316 649 Utrsque
334 567 516 632 successio
548 568 786 651 apertissimis
814 568 936 634 verbis
968 568 1103 634 tradita
1130 573 1184 634 est

72 687 90 733 s
111 669 321 736 Tridentino
338 671 498 756 Synodo;
517 673 638 757 quoad
655 674 894 756 Presbyteros
914 675 965 739 its
983 675 1086 756 ajunt
1109 674 1183 740 Tri-

71 775 201 841 dentIni
215 777 357 842 Patres:
372 777 403 843 A
421 781 571 847 Domine
599 779 782 848 Salvatore
800 787 916 847 uestro
940 779 1116 866 Apostoiis
1133 802 1184 847 eo·

70 902 203 968 rumque
219 887 471 950 suecessoribus
488 887 525 950 is
542 885 744 954 Sacerdotio
769 895 927 972 potestas
944 887 1077 952 tradita
1108 908 1183 952 coo·

68 991 233 1069 remandi,
252 991 428 1077 offerendi
456 1000 487 1058 et
507 993 735 1059 ministrandi
764 991 895 1078 Corpus
922 1000 953 1058 et
976 991 1185 1079 Sanquinem

71 1095 148 1180 ejus,
174 1117 302 1162 nocuos
315 1104 462 1181 peccato
481 1099 676 1164 dimittendi
711 1107 742 1164 et
772 1100 944 1164 retinendi
976 1101 1037 1181 (1);
1066 1099 1186 1182 quoad

70 1199 262 1286 Episcopos
278 1205 371 1268 haec
384 1211 468 1268 sunt
487 1206 601 1276 verbu,
615 1203 848 1272 oecumenici
878 1203 1043 1270 Concilii:
1062 1207 1184 1272 Proin·

71 1307 106 1370 de
122 1317 344 1376 sacrosancto
360 1309 519 1396 Synodus
546 1311 715 1394 declarat,
733 1319 874 1396 praeter
890 1317 1043 1378 caeteros
1069 1311 1185 1380 Eccle-

70 1414 220 1481 siasticus
236 1417 378 1501 proclus,
393 1416 595 1502 Episcopus,
609 1419 667 1502 psi
681 1420 718 1482 iu
731 1416 975 1502 Apostolorum
988 1417 1100 1483 iocum
1112 1439 1185 1484 suc-

72 1530 250 1604 cesserunt,
268 1525 315 1588 ud
332 1523 419 1588 huuc
436 1523 688 1590 hierarchicum
706 1525 862 1590 ordinem
872 1525 1064 1609 praecipue
1074 1525 1184 1608 perti·

72 1647 158 1709 uei·e;
174 1637 203 1694 et
213 1631 361 1714 positos,
380 1631 468 1695 sicut
481 1631 572 1696 idem
588 1629 774 1714 Apostolus
791 1633 853 1712 cit,
869 1653 891 1696 a
908 1629 1047 1714 Spiritu
1059 1630 1186 1697 Sancto

72 1753 177 1818 repere
203 1735 399 1802 Ecclesiam
427 1737 508 1817 Dei,
527 1757 647 1820 eosque
664 1737 880 1823 Presbyteris
913 1737 1111 1822 superiores
1137 1759 1185 1804 es·

72 1861 102 1903 se
119 1841 177 1922 (2).

154 1949 227 2012 144.
277 1947 347 2013 Pro
365 1947 568 2013 deliniendo
588 1949 686 2030 quali
703 1965 811 2013 sensu
829 1952 866 2013 et
893 1964 1050 2031 quanam
1064 1953 1186 2014 exten·

77 2053 170 2120 sione
185 2054 359 2138 Episcopi
378 2055 561 2137 Apostolis
580 2056 791 2137 succedant,
810 2055 863 2120 illi
880 2056 981 2120 velut
997 2055 1057 2120 isti
1075 2055 1188 2139 dupli-

75 2162 102 2224 ci
118 2163 218 2227 modo
237 2163 462 2228 considerari
480 2169 628 2246 queunt,
647 2163 873 2248 siupuloriter
890 2180 934 2228 sc
950 2164 1185 2250 collepioiiter.

153 2270 400 2357 Simpuluriter:
418 2269 589 2354 Episcopi
606 2270 841 2336 successores
858 2271 1113 2354 Apostolorum
1137 2271 1187 2336 di·

75 2385 194 2446 cuntur
219 2384 255 2444 et
271 2385 355 2444 sunt
382 2383 522 2444 tuntum
551 2381 691 2445 ratione
710 2378 902 2461 potestatis
926 2377 1188 2462 presbyteralis

77 2493 106 2548 et
120 2489 272 2553 manitus
285 2488 477 2572 potestatis
494 2489 701 2573 episcopalis
714 2505 778 2551 seu
788 2489 992 2572 pastoralis,
1007 2488 1070 2552 sed
1085 2486 1186 2551 mini·

76 2609 124 2657 ms
135 2594 253 2678 quoad
266 2599 485 2678 potestatem
501 2596 822 2660 eutroordiuoriom
836 2602 898 2659 aut
918 2597 1188 2675 constituentem·

77 2701 197 2766 exinde
214 2703 333 2767 nullus
348 2702 607 2786 Apostolorum
622 2703 770 2785 proprie
787 2702 915 2768 habuit
926 2719 1186 2783 successorem,
1269 2715 1273 2720 ·

78 2823 183 2891 neque
212 2809 247 2875 S.
275 2809 447 2892 Jacobns,
468 2810 528 2893 qui
554 2808 683 2875 Sedem
712 2811 1082 2894 Hierosolymitansm
1100 2812 1189 2877 obti-

77 2915 156 2998 nuit;
175 2917 308 2982 etenim
323 2934 513 2984 successor
530 2918 567 2981 in
582 2918 799 3000 episcopatu
809 2919 1001 2984 dumtaxat
1013 2919 1189 2985 successit
1249 2927 1252 2934 '

79 3021 129 3086 vel
144 3025 304 3090 succedit
319 3025 356 3088 in
369 3024 590 3090 ordinariam
603 3032 837 3108 potestatem
854 3027 932 3109 ipse
947 3045 1036 3094 vero
1051 3026 1188 3110 episco-

78 3135 173 3208 patus
191 3133 329 3215 absque
346 3132 498 3214 speciali
517 3133 690 3198 missione
708 3135 799 3216 eius,
815 3135 942 3216 cuijus
956 3140 1022 3218 est,
1033 3141 1072 3200 ut
1084 3140 1190 3200 erant

80 3251 189 3303 omnes
208 3241 386 3322 Apostoli,
407 3246 443 3304 et
460 3258 555 3305 nunc
573 3239 737 3306 Summus
762 3241 943 3324 Pontifex,
964 3261 1030 3326 per
1051 3261 1090 3308 se
1116 3261 1190 3308 non

80 3348 209 3412 confert
226 3348 470 3431 apostolatum
488 3350 549 3414 vel
566 3355 784 3432 potestatem
809 3351 984 3417 fundandi
1004 3351 1189 3418 Ecclesiae

80 3459 133 3516 sut
147 3453 386 3538 cvangelium
403 3457 639 3538 praedicandi
653 3459 690 3522 in
707 3459 878 3524 universo
897 3459 1042 3524 mundo.

155 3561 354 3646 Episcopus
373 3569 493 3629 sutem
511 3565 696 3648 Apostolis
731 3571 870 3631 tantum
895 3568 931 3631 in
949 3567 1186 3650 Episcopatu,

80 3667 274 3734 nullatenus
292 3678 413 3736 autem
429 3671 465 3735 in
483 3672 700 3755 Apostolatn
733 3673 929 3738 succedere
947 3674 1122 3756 probatur
1142 3691 1188 3738 ex

81 3776 198 3855 agendi
215 3778 357 3844 tattone
374 3797 438 3844 seu
455 3779 563 3863 praxi
579 3780 849 3864 Apostolorum,
867 3779 980 3846 Sacra
997 3779 1188 3863 Scriptura

81 3887 110 3942 et
124 3883 341 3950 Traditione.

82 4076 227 4094 Q...-

143 4261 182 4330 (1)
219 4261 293 4318 Sess.
309 4261 421 4331 XXIII,
433 4278 493 4331 esp.
505 4262 529 4317 1.

142 4333 179 4402 (t)
215 4333 289 4390 Sese.
302 4335 414 4404 XXIII,
423 4351 482 4404 cup.
496 4335 550 4392 lv.
