3146 4980
650 666 914 734 ARTIOULUS
935 667 1002 734 XI.

707 867 949 920 schalmum

267 1071 331 1123 tel.
369 1068 411 1120 7.·
424 1070 453 1118 et
466 1067 566 1118 ultima
578 1065 680 1118 ‘rhesis
700 1065 837 1118 adversus
850 1079 959 1118 errores
973 1063 1155 1132 policraticum
1178 1061 1399 1134 independentia

345 1137 442 1192 stara
454 1136 488 1190 ab
502 1135 624 1189 Ecclesia
637 1135 678 1188 val
697 1133 846 1204 Beiipioac,
865 1135 920 1189 ricc
936 1149 1116 1204 rxcausm,
1140 1137 1196 1190 aiae
1209 1151 1325 1206 aurun,
1337 1137 1399 1192 uiae

342 1221 523 1262 rnncrrcsa
548 1205 727 1260 Liberulramo
744 1207 919 1274 acclamato
942 1209 984 1262 ert
1006 1209 1115 1261 omniuo
1137 1206 1399 1276 rejicienda-285.

341 1279 482 1333 Probatur
496 1279 710 1346 1.·purshu1·us
724 1280 926 1346 propositionis
939 1284 1038 1331 contra
1060 1278 1276 1332 Liberalismum
1289 1279 1401 1334 abacta·

343 1353 504 1404 ἐπι-286.
525 1347 734 1402 Evincatur2.²
754 1349 924 1414 parathesis
949 1351 1115 1404 enuntiatae
1140 1355 1238 1404 contra
1261 1351 1401 1405 Liberali·

342 1420 721 1474 multimammiam-287.
743 1420 917 1474 Ostendetur
926 1419 965 1476 3.·
975 1436 1041 1489 pars
1063 1421 1399 1478 catholicseassertionis

342 1497 441 1546 contra
454 1492 671 1545 Liberalismum
680 1489 848 1545 catholicam.

360 1671 437 1735 284.
486 1670 555 1735 Pro
574 1670 684 1752 plena
701 1669 919 1734 refutatione
936 1669 1216 1752 praecipuorum
1230 1687 1400 1736 errorum
1463 1715 1469 1724 ·

270 1779 333 1860 qui
349 1778 370 1842 J
375 1797 414 1842 us
430 1778 618 1842 Publicum
632 1776 927 1841 Ecclesiasticum
956 1777 1077 1842 adorti
1108 1784 1205 1857 sunt,
1223 1777 1311 1842 illud
1328 1778 1400 1843 dii-

272 1885 414 1947 fitentes
447 1883 507 1948 vel
531 1899 680 1964 prorsus
697 1887 966 1965 pervertentes,
996 1884 1101 1948 nobis
1118 1889 1286 1966 superest
1313 1901 1401 1966 gra·

273 1991 459 2056 vissimam
486 1991 675 2056 instituere
692 1990 962 2072 inquisitionem
978 1989 1023 2055 de
1040 1990 1293 2074 Liberalismo,
1311 1992 1401 2056 hae·

273 2098 344 2162 resi
362 2098 489 2163 sociali
506 2101 654 2161 nostrae
671 2095 817 2177 aetatis,
836 2105 1020 2178 postremo
1037 2102 1163 2180 atque,
1195 2097 1325 2162 iterum
1344 2098 1400 2162 in-

272 2205 1400 2288 quamacnunquamsatisrepetam,pernioiosissimoomnium

272 2315 524 2394 systematum,
554 2329 648 2394 quae
675 2312 851 2376 hactenus
880 2311 1082 2378 Ecclesiam
1111 2313 1328 2379 divexarunt
1357 2317 1400 2378 et

273 2419 419 2482 civilem
437 2421 649 2483 societatem
663 2418 935 2500 perturbarunt
954 2420 1100 2502 etenim,
1120 2423 1214 2484 teste
1231 2419 1400 2485 luctuosa

273 2525 513 2605 experientia,
544 2524 635 2589 haec
664 2525 822 2589 exitialis
855 2523 1022 2589 doctriua
1053 2531 1165 2608 atque
1197 2527 1401 2592 novissima

274 2630 519 2694 manifestatio
538 2631 747 2695 hostilitatis
766 2631 972 2713 Principum
987 2649 1031 2695 ac
1049 2629 1315 2697 Guberniorum
1333 2632 1401 2696 ad-

273 2755 402 2802 versus
421 2737 582 2802 divinam
606 2735 795 2802 Ecclesiae
820 2736 1033 2802 Catholicae
1052 2738 1315 2803 institutionem
1340 2756 1403 2803 su-

274 2863 509 2927 premamque
521 2845 764 2910 Romanorum
778 2844 991 2910 Pontificum
1006 2847 1262 2912 auctoritatem
1276 2848 1404 2912 omnia

273 2953 468 3034 concussit,
487 2952 730 3017 labefactavit
743 2957 779 3015 et
796 2951 1028 3034 deformavit
1048 2959 1098 3036 et,
1117 2954 1188 3018 nisi
1204 2954 1302 3018 Deus
1331 2971 1405 3019 sua

275 3058 544 3141 sapientissima
556 3065 593 3122 et
604 3057 997 3122 misericordiosissima
1012 3059 1249 3125 Providentia
1262 3077 1321 3125 res
1336 3079 1406 3143 pu·

275 3164 390 3228 blicas
408 3166 514 3230 aliter
527 3165 709 3248 disponat,
726 3169 938 3248 mentesque
964 3166 1232 3232 Moderatorum
1245 3169 1422 3248 societa-¹

275 3272 320 3334 tis
351 3288 509 3353 superna
538 3276 675 3337 virtute
702 3273 894 3354 illuminet,
928 3273 1166 3338 fundamenta
1197 3274 1402 3358 religionis,

275 3377 412 3441 ordinis
429 3383 465 3442 et
496 3378 713 3442 moralitatis
743 3377 904 3443 funditus
937 3379 1138 3461 subvertet,
1173 3380 1405 3463 populosque

274 3488 385 3565 atque
402 3485 569 3548 nationes
583 3486 619 3547 in
637 3486 808 3566 abyssum
824 3485 948 3549 totalis
977 3485 1115 3569 ruinae,
1133 3487 1316 3568 generalis
1329 3487 1407 3552 dis-

275 3591 465 3654 solutionis
478 3596 515 3653 et
530 3592 754 3654 miserrimae
771 3591 970 3655 anarohiae
988 3592 1099 3656 celeri
1118 3610 1246 3675 gressu
1260 3593 1406 3675 praeci-

276 3699 369 3780 pites
384 3697 565 3779 projiciet.

365 3804 518 3868 Errores
550 3803 655 3882 hujus
686 3802 906 3867 execrabilis
937 3805 1147 3885 systematis
1173 3806 1409 3891 policratiooa

276 3911 465 3993 appellare
482 3910 628 3973 minime
645 3909 919 3992 haesitavimus,
940 3911 1037 3994 quia,
1057 3913 1110 3976 uti
1127 3913 1216 3977 alibi
1239 3914 1406 3996 explica-

277 4023 431 4096 tumeat,
450 4017 510 4081 ubi
528 4018 606 4095 eius
636 4021 804 4078 naturam
833 4022 942 4099 atque
976 4019 1224 4085 evolutionem
1241 4019 1408 4086 delinea.

278 4123 585 4206 vimus,·essentia
608 4121 838 4186 Liberalismi
853 4125 972 4204 posita
996 4131 1052 4190 est
1068 4127 1106 4190 in
1135 4128 1407 4210 proclamanda

276 4230 559 4312 independentia
587 4231 748 4312 civitatis,
765 4229 834 4296 hoc
867 4239 934 4314 est,
965 4233 1152 4309 societatis
1186 4235 1307 4300 civilis
1337 4255 1411 4303 seu
