3030 4990
533 435 710 494 -163-

78 601 116 644 oa
131 580 304 663 colligitur
322 581 481 662 genuina
498 584 629 644 natura
645 578 834 644 facultatis
864 579 1069 664 coactivas,
1089 580 1184 646 ideo-

77 686 352 768 qoeveranotio
382 691 418 750 et
446 687 644 770 legitimum
671 685 947 752 fundamentum
975 687 1185 770 systematis

77 795 258 860 criminalia
274 800 311 860 et
319 795 482 880 poenalis
495 797 531 860 in
545 794 711 860 humanis
729 793 974 860 societatibus.

155 901 205 966 94.
255 899 380 982 Quoad
397 900 629 966 consectaria
648 900 694 966 ad
710 902 820 986 lepam
835 901 1003 966 theoriam
1021 905 1187 984 spectan-

76 1007 131 1088 tia,
148 1007 223 1073 heio
240 1009 462 1091 explicanda
480 1009 631 1074 veniunt
648 1014 805 1092 quatuor
838 1008 1026 1073 doctrinae
1056 1009 1186 1092 legalis

75 1115 195 1197 capita:
218 1115 269 1182 1.⁰
286 1125 415 1183 natura
432 1121 468 1182 et
485 1118 612 1182 divisio
637 1113 921 1212 fundamentalis
949 1115 1064 1181 omnis
1082 1115 1185 1199 legis;

75 1222 123 1284 2⁰
140 1228 281 1290 muter-ia
293 1225 399 1308 legia
419 1223 472 1290 3.⁰
485 1226 603 1310 forma
620 1224 726 1306 legis;
743 1221 796 1288 4.⁰
813 1225 965 1290 extensio
980 1224 1084 1306 legis.

152 1331 302 1397 Natura.
354 1331 406 1396 Ex
425 1331 532 1396 dietis
565 1331 797 1396 manifestum
822 1334 878 1395 est
906 1330 1107 1414 quamlibet
1139 1331 1187 1395 le·
1294 1361 1303 1370 ,

75 1453 149 1518 gem
165 1438 253 1503 nihil
271 1439 372 1504 aliud
390 1457 592 1524 essequam
610 1439 894 1523 propositionem
911 1438 1065 1521 aliquus
1080 1437 1187 1503 medii

75 1544 146 1609 sive
163 1546 311 1627 positivi
327 1548 407 1611 sive
435 1547 599 1629 negativi
624 1546 842 1629 obligatorio
868 1545 1034 1611 modoab
1067 1563 1110 1609 co
1137 1545 1188 1610 ia-

76 1657 174 1733 ctam,
188 1652 224 1718 in
239 1671 310 1736 quo
329 1655 517 1719 societatis
535 1657 698 1737 potestas
722 1651 870 1735 residet,
885 1651 931 1717 ad
947 1652 1060 1734 ipsius
1074 1651 1187 1717 socie·

77 1758 152 1822 tatis
168 1758 276 1824 tinem
293 1761 500 1827 immediate
518 1761 580 1828 vel
598 1761 755 1826 mediate
768 1760 1045 1845 assequendum,
1062 1760 1188 1826 ordine

78 1866 247 1948 superiori
263 1875 426 1934 servato:
444 1869 528 1935 binc
557 1870 722 1952 exsurgit
745 1869 876 1936 divisio
905 1866 1189 1933 fundamentalis

76 1971 170 2054 legia
184 1976 318 2040 etenim
347 1977 377 2041 si
409 1978 565 2042 medium
599 1977 824 2061 propositum
856 1977 967 2042 fuerit
984 1976 1188 2064 positivum,

77 2080 212 2148 lexerit
229 2086 461 2169 praecipiens
479 2104 543 2152 sen
561 2087 788 2175 affirmatiom
808 2085 838 2150 si
867 2102 956 2150 vero
982 2085 1188 2170 cepaticum,

76 2186 258 2256 habebitur
274 2193 336 2257 lex
364 2193 561 2276 prohibens
578 2211 642 2259 eeu
658 2195 830 2280 nepatioa,
850 2193 897 2257 ad
922 2210 1029 2276 quam
1042 2191 1188 2277 permis·

76 2297 143 2362 n'oa
159 2305 366 2382 revocatur,
386 2303 521 2386 quippe
539 2320 632 2386 quae
648 2301 816 2383 prohibet
833 2299 1018 2364 molestari
1031 2316 1111 2364 curn
1129 2297 1190 2381 qui

78 2403 202 2488 aliquid
220 2408 350 2473 iecerit
366 2414 429 2474 aut
446 2410 620 2504 omiserit.
641 2409 853 2474 Rectissime
871 2407 981 2489 igitur
998 2425 1020 2472 a
1036 2406 1081 2471 D.
1100 2405 1191 2470 Tho-

78 2528 127 2574 ma
141 2513 200 2578 lex
217 2515 398 2580 definitur:
416 2517 600 2583 Ordinatio
612 2517 762 2582 rationis
790 2516 838 2582 ad
865 2517 988 2581 bonnm
1017 2533 1191 2580 commane

78 2619 113 2681 ab
125 2640 172 2702 eo,
193 2625 251 2708 qni
264 2643 383 2690 caram
401 2625 657 2691 communitatis
673 2623 784 2704 habet,
797 2623 1021 2708 promnlpnln
1039 2619 1099 2706 (1),
1116 2619 1191 2702 qui·

78 2743 134 2806 bus
151 2739 274 2808 verbis
292 2733 495 2802 clarissime
512 2730 668 2795 traditur
686 2746 776 2794 vera
793 2733 829 2793 et
862 2727 1083 2811 adaequatia
1099 2725 1190 2809 legis

79 2851 178 2933 notio,
214 2844 396 2932 quaesita
413 2840 517 2906 estin
534 2838 662 2921 regula
688 2834 820 2921 agendi
850 2835 1067 2914 rationabili,
1088 2831 1135 2897 ad
1152 2832 1190 2896 fi-

79 2975 150 3024 nem
163 2954 348 3022 societatis
365 2951 541 3030 ordinata,
562 2944 795 3029 ejusdemque
822 2942 990 3008 membris
1015 2941 1191 3024 obligato·

80 3067 125 3131 rio
142 3066 245 3132 modo
254 3062 439 3150 proposita
456 3058 502 3123 ab
516 3058 595 3139 ipso
610 3051 868 3120 adsociationis
883 3049 1124 3116 moderatore.

158 3173 319 3241 Materia.
331 3168 472 3234 Dicitur
486 3164 634 3231 materia
648 3161 739 3244 legis
753 3162 834 3243 ipsa
847 3157 1117 3242 regutaagendi
1130 3174 1193 3221 seu

81 3299 197 3346 norma
210 3279 325 3346 notris
343 3273 549 3341 actionibus
568 3269 767 3354 proposita,
786 3284 892 3350 quae,
904 3265 1011 3348 juxta
1027 3262 1193 3347 Angelici

81 3387 238 3454 Doctoris
254 3384 513 3461 definitionem,
544 3376 680 3460 duplici
713 3375 890 3460 qualitate
918 3370 1086 3456 praedita
1114 3387 1195 3436 esse

82 3494 189 3578 debet,
212 3493 309 3559 utsii
324 3507 413 3556 vere
430 3487 606 3555 ordinatio
620 3484 771 3550 rationis
787 3481 834 3548 ad
864 3482 986 3546 bonnm
1010 3498 1194 3559 commane,

83 3602 250 3683 nimirum,
266 3598 375 3663 debet
391 3613 472 3661 esse
487 3595 535 3659 1.⁰
548 3589 784 3670 rationabilis,
799 3587 835 3652 id
850 3591 917 3669 est,
934 3585 1088 3650 honesta
1102 3583 1193 3648 ordi·

82 3708 179 3791 nique
197 3704 408 3784 conformis3
423 3699 475 3766 2.⁰
489 3701 600 3780 utilio,
620 3698 689 3762 hoo
705 3698 772 3778 est,
787 3695 839 3759 ita
856 3700 955 3776 apta,
971 3697 1010 3757 ut
1023 3690 1069 3756 ad
1087 3691 1194 3756 finem

84 3815 258 3880 societatis
272 3811 458 3896 proprium
476 3806 595 3873 ducat.

161 3927 300 3992 Forma.
319 3920 480 3986 Vocatur
495 3920 614 3982 autem
628 3914 745 4001 forma
759 3909 851 3993 legis
864 3911 968 3973 recta
995 3903 1195 3990 propositio

86 4049 221 4100 normae
253 4049 317 4096 sen
334 4026 521 4094 sufficiens
549 4019 767 4106 significatio
798 4016 984 4082 societatis
1025 4013 1196 4079 membris

89 4215 246 4228 'ff-——ffl

148 4380 183 4442 (1)
223 4379 261 4430 l.⁸
277 4380 330 4428 2⁸⁸
346 4391 372 4442 q.
387 4376 429 4435 00,
445 4387 483 4426 ar.
498 4374 522 4426 4.
