3034 4990
808 387 985 449 4296-

335 529 542 600 libertatern
560 538 764 616 coarctare,
778 533 956 617 siquidem
972 533 1009 598 in
1025 531 1093 598 hoc
1109 535 1208 597 esset
1221 535 1349 616 aperta
1379 532 1451 596 vio·
1499 509 1500 592 ᾗ

336 639 698 723 latioconscientiae,
717 639 777 706 vel
802 640 833 704 si
865 638 1022 722 quando,
1054 638 1304 704 intercedente
1330 637 1453 722 eliqua

337 763 448 813 cause
466 745 906 828 exteriorietsuiiicienti,
939 745 1089 810 libertas
1122 749 1276 810 externa
1306 745 1452 810 limitari

336 859 469 938 posset,
488 857 749 936 agnosceretur
774 853 904 918 saltem
928 851 1048 935 quoad
1071 850 1234 916 ordinem
1264 855 1452 916 externum

333 961 509 1043 judicium
528 965 738 1042 competens
755 959 918 1042 alterius,
937 963 973 1024 et
987 960 1063 1041 jam
1080 963 1201 1023 aetum
1218 966 1316 1024 esset
1346 960 1391 1023 de
1419 978 1451 1023 o·
1500 999 1501 1044 3

336 1067 1452 1150 mnimodelibertatecogitandinonminusebsurdaquamde·

337 1181 497 1260 cantata;
514 1173 541 1258 α)
559 1175 658 1259 quia,
669 1175 857 1260 supposita
869 1173 1251 1257 libertatejndioandi,
1267 1191 1348 1239 cum
1361 1175 1450 1257 quis-

336 1301 406 1368 que
423 1285 529 1350 homo
547 1283 741 1351 veritatem
758 1282 900 1348 sincere
918 1283 1101 1366 inquirere
1117 1285 1298 1366 teneatur,
1325 1282 1451 1348 eidem·

337 1409 406 1476 que
422 1409 503 1456 sese
521 1390 764 1472 conformare,
780 1407 845 1474 pro
878 1389 1101 1454 conscientia
1126 1389 1194 1454 sibi
1226 1389 1452 1454 efformauda

335 1515 400 1562 suo
413 1497 551 1580 jndicio
569 1513 713 1580 semper
726 1496 832 1561 inniti
849 1495 1011 1579 deberet,
1030 1496 1117 1578 quin
1134 1513 1239 1562 nemo
1270 1497 1452 1580 proprium

332 1603 508 1687 judicium
524 1603 713 1686 imponere
730 1606 864 1685 posset,
880 1617 927 1667 ex
944 1621 1014 1686 quo
1033 1608 1163 1668 contra
1178 1607 1320 1668 rectam
1349 1605 1448 1669 ratio·
1501 1585 1502 1650 Ὗ

336 1729 418 1777 nem
435 1715 648 1796 sequeretur
666 1711 767 1776 nulla
784 1711 857 1776 alia
870 1711 1037 1776 veritatis
1056 1711 1204 1775 criteria
1221 1727 1303 1776 esee
1332 1711 1450 1776 admit-

337 1819 447 1884 tenda
463 1819 532 1886 nisi
550 1835 648 1885 mere
667 1820 823 1900 interum
843 1823 996 1884 externa
1012 1835 1113 1901 vero,
1140 1819 1236 1883 inter
1253 1835 1347 1902 quae
1374 1818 1450 1882 erni·

336 1929 399 1991 net
416 1925 541 1992 divine
557 1926 750 2008 revelatio,
772 1924 971 2008 rejicienda
989 1931 1099 2007 atque
1129 1925 1337 2007 spernenda
1370 1931 1451 1988 tam·

337 2049 445 2115 quam
455 2033 642 2097 minueaut
653 2032 751 2097 nullo
767 2037 875 2114 pacto
888 2031 1020 2096 idonea
1031 2031 1077 2095 ad
1087 2031 1342 2096 certitudinem
1354 2031 1450 2096 nobis

337 2139 616 2222 procurandam.
633 2138 735 2204 Nunc
754 2157 843 2204 veru
862 2139 931 2204 hoc
948 2139 1082 2204 rationi
1098 2137 1329 2222 adversatur,
1364 2155 1450 2222 quae
1502 2219 1503 2236 χ

337 2265 402 2312 nos
416 2245 522 2312 docet
538 2247 697 2312 osticium
710 2251 865 2312 naturae
879 2264 961 2312 esse
975 2253 1048 2310 turn
1062 2262 1142 2310 sese
1157 2245 1379 2310 uniformare
1395 2263 1447 2309 va·

337 2353 436 2418 ritati
454 2353 635 2436 cognitae,
656 2353 734 2418 sive
752 2353 901 2436 cognite
917 2354 964 2418 sit
982 2350 1108 2417 mediis
1140 2352 1360 2435 intrinsecis,
1377 2354 1448 2416 sive

338 2459 564 2542 extrinsecis3
582 2463 656 2525 tum
674 2459 848 2526 adhibere
879 2461 915 2525 in
934 2459 1102 2524 veritatis
1135 2458 1369 2541 inquisitione
1385 2477 1446 2524 me-

338 2566 398 2631 dia
415 2567 536 2632 omnia
552 2565 696 2650 idonea,
717 2573 790 2632 tarn
807 2567 1019 2650 intrinseca,
1038 2585 1146 2650 quarn
1164 2568 1383 2634 extrinseca.

426 2675 479 2738 2.⁰
525 2673 729 2740 Libertates
744 2675 983 2756 discussionis,
997 2674 1145 2757 typicae
1169 2676 1405 2760 impressionis
1417 2679 1448 2738 et
1503 2737 1504 2778 ᾖ

337 2783 580 2848 associationir
595 2781 775 2846 illimitate
789 2787 969 2864 sumptae,
985 2785 1092 2864 prout
1103 2782 1326 2846 recentiores
1354 2799 1445 2866 prae·
1503 2789 1504 2800 ¹

337 2888 556 2972 scindentes,
574 2889 813 2954 naturalistee
827 2895 862 2954 et
887 2888 1143 2972 quamplurimi
1160 2889 1299 2972 politici
1312 2895 1446 2954 conten-

338 2995 548 3080 duntatque
567 3003 723 3080 tuentur,
744 2998 852 3081 plane
886 2996 1067 3062 absurdae
1095 3001 1131 3061 et
1162 3013 1311 3080 prorsus
1342 2997 1446 3061 falsae

338 3102 529 3185 hebertum
549 3105 718 3187 quianon
736 3106 856 3170 omnia
872 3109 955 3169 sunt
973 3104 1008 3167 in
1026 3121 1066 3168 se
1079 3121 1170 3168 vera
1183 3107 1219 3168 et
1237 3103 1398 3178 honesta,
1415 3107 1445 3165 et

338 3209 431 3274 sicut
444 3210 573 3293 cuique
590 3211 764 3276 incumbit
781 3211 939 3276 officium
956 3215 1056 3276 recte
1067 3209 1268 3292 judicandi,
1296 3217 1335 3275 ut
1363 3207 1444 3274 veri-

337 3319 448 3380 tatem
466 3316 512 3380 ab
530 3333 654 3382 errore
668 3323 703 3383 et
717 3319 890 3384 virtutem
906 3337 929 3382 a
946 3318 1034 3382 vitio
1048 3323 1231 3400 secernat,
1264 3319 1315 3382 ita
1347 3317 1443 3382 etiarn

339 3439 462 3488 omnes
479 3423 641 3490 homiues
655 3427 737 3507 jure
765 3429 918 3490 naturae
953 3429 1123 3490 tenentur
1151 3424 1270 3490 osticio
1302 3443 1372 3490 non
1402 3423 1442 3486 lo·

338 3530 480 3613 quendi,
495 3529 659 3614 docendi,
679 3532 895 3597 defendendi
912 3537 974 3596 aut
992 3531 1209 3615 propalandi
1226 3550 1270 3596 ea
1287 3549 1378 3615 quae
1392 3547 1442 3594 ve·

338 3637 439 3702 ritati
456 3637 515 3702 vel
532 3637 713 3704 honestati
733 3657 870 3705 morum
885 3640 1032 3704 officere
1046 3643 1207 3722 possunt,
1224 3657 1341 3722 neque
1354 3652 1442 3722 prae·

339 3744 373 3808 lo
392 3744 586 3810 mandandi
620 3747 807 3828 opiniones
839 3763 1036 3830 perversas
1054 3755 1089 3810 et
1106 3747 1250 3829 iniquus
1284 3745 1441 3822 theorias,

339 3867 456 3932 neque
472 3869 552 3916 sese
568 3853 813 3935 congregandi
828 3853 873 3917 ad
904 3853 1066 3926 ordinem
1084 3854 1308 3936 religiosum,
1343 3866 1442 3917 mora·

339 3955 410 4020 lem
426 3957 487 4022 vel
504 3959 676 4024 socialem
692 3960 987 4042 subvertendum3
1018 3961 1173 4044 ideoque
1206 3962 1392 4044 praefatae
1409 3956 1441 4018 li·

339 4062 499 4129 bertates
527 4066 691 4132 absolute
719 4073 917 4151 usurpatae
950 4087 1132 4153 nunquam
1157 4071 1217 4152 Jus
1234 4070 1442 4135 constituere

340 4168 478 4251 velent,
493 4170 556 4235 sed
573 4189 709 4238 meram
726 4174 910 4240 licentiam
928 4181 964 4240 et
982 4177 1133 4243 abusum
1150 4194 1240 4244 vere
1257 4175 1442 4260 punibileru

340 4273 643 4343 etdamnandum.
