3120 4988
824 383 979 440 ...⁸1⁴-

429 522 570 608 Object.
589 526 637 591 1.·
652 545 697 592 ex
712 527 858 593 historia
871 529 1028 609 sumpta.
1044 523 1097 590 Ex
1110 525 1234 592 Veteri
1251 525 1456 590 Testamen-

340 639 376 698 to
395 641 538 698 constat
552 634 649 717 apud
665 633 854 698 Hebraeos
869 633 986 714 Reges
1002 651 1061 696 rea
1078 633 1268 714 religiosas
1298 633 1459 697 ordinas·

340 759 379 806 se
398 748 433 805 et
446 741 534 824 ipsis
548 741 805 806 Sacerdotibus
819 742 1035 824 praefuisse3
1051 740 1159 823 igitur
1173 759 1238 822 per
1251 741 1458 822 analogiam

340 847 434 912 idem
465 847 723 931 praestandum
738 849 882 912 videtur
897 848 934 912 in
966 846 1070 912 Novo
1098 845 1273 924 Foedere,
1305 847 1459 929 ideoque

340 954 527 1037 Principes
558 955 685 1020 eadem
720 963 903 1038 potestate
935 954 1108 1036 religiosa
1150 954 1339 1036 insignitos
1380 969 1459 1017 esse

342 1069 496 1144 oportet.

429 1168 535 1251 Resp.
564 1167 775 1234 Transmitto
805 1167 1026 1232 antecedens
1055 1171 1091 1232 et
1119 1191 1201 1253 nepo
1218 1185 1456 1250 consequere.

340 1271 502 1359 Negatur
512 1292 752 1359 consequens,
769 1277 854 1358 quia
867 1283 1119 1358 argumentum
1134 1276 1383 1358 analogiaeex
1396 1275 1459 1338 Po·

341 1381 426 1463 pulo
444 1381 625 1446 Hebraico
644 1382 895 1464 depromptum
914 1381 1149 1448 fundamento
1183 1399 1330 1466 prorsus
1344 1387 1457 1464 caret,

341 1493 377 1553 et
394 1490 540 1554 omnino
557 1489 652 1552 falsa
669 1496 825 1572 apparet
838 1489 1036 1570 conclusio,
1065 1489 1356 1572 quandoquidem
1387 1507 1457 1554 ma-

341 1615 414 1680 gna
426 1597 637 1662 differentia
656 1603 693 1660 et
718 1597 914 1676 manifesta
931 1597 1128 1680 disparitas
1161 1597 1264 1662 adest
1280 1598 1377 1661 inter
1392 1595 1458 1660 He·

340 1704 534 1769 braeorum
564 1710 600 1767 et
618 1701 903 1769 Christianorum
938 1703 1217 1786 legislationem,
1233 1704 1457 1786 religionem,

340 1811 544 1878 Ecclesiam
562 1815 672 1894 atque
690 1811 836 1876 civilem
850 1811 1124 1894 rempublicam:
1144 1811 1262 1895 quoad
1275 1812 1458 1898 legislatio·

341 1941 429 2002 nera,
454 1919 551 2002 apud
570 1919 757 1983 Hebraeos
771 1917 896 1984 divina
913 1925 993 1983 erat
1026 1919 1208 2001 legislatio
1240 1925 1313 1983 tum
1342 1917 1459 1983 civilis

341 2032 415 2091 tum
433 2026 641 2107 religiosua
667 2025 793 2106 Moyse
822 2023 969 2104 tradita,
996 2025 1117 2108 quoad
1145 2025 1354 2110 religionem,
1380 2024 1459 2087 linis

340 2135 527 2217 proximos
548 2131 942 2213 religionishebreioee
960 2132 1117 2195 nonfuit
1144 2132 1358 2213 simpliciter
1390 2131 1458 2213 spi·

341 2240 496 2322 ritualia,
515 2240 632 2322 qualis
650 2241 685 2304 in
704 2239 871 2304 Ecclesia
888 2237 1021 2304 Christi
1038 2242 1105 2322 est,
1124 2238 1186 2303 sed
1204 2237 1312 2302 etiam
1325 2242 1459 2320 tempo·

341 2347 441 2429 ralis,
462 2348 614 2428 scilicet,
630 2345 807 2411 institutio
824 2345 1012 2426 cujusdam
1030 2346 1132 2428 regui
1147 2346 1360 2429 temporalis
1394 2363 1459 2427 pro

341 2455 518 2519 felicitate
535 2455 572 2518 in
589 2452 658 2518 hac
671 2454 749 2520 vita
766 2452 1016 2536 adipiscenda;
1030 2453 1115 2518 hinc
1126 2453 1387 2536 promissiones
1401 2453 1459 2516 ob-

341 2561 591 2626 servatoribus
605 2561 741 2625 veteris
758 2561 851 2642 legis
865 2579 887 2624 a
905 2559 981 2624 Deo
1000 2560 1122 2624 factae
1155 2559 1393 2642 temporalem
1411 2559 1459 2622 fe-

341 2668 516 2732 licitatem
549 2666 809 2749 respiciebant,
828 2665 946 2750 quoad
971 2667 1176 2748 Ecclesiam,
1196 2683 1386 2748 synagoga
1405 2666 1458 2746 J'u-

342 2774 447 2840 daica
466 2773 661 2840 nationalis
679 2781 772 2856 erat,
793 2774 938 2839 minime
957 2791 1045 2838 vero
1075 2773 1259 2839 catholice
1290 2790 1354 2837 seu
1387 2773 1458 2837 uni-

342 2883 497 2947 versalia
511 2883 604 2945 sicut
617 2881 775 2946 societas
793 2899 814 2944 a
833 2880 975 2947 Christo
990 2883 1168 2962 instituta3
1186 2881 1305 2966 quoad
1316 2881 1459 2948 civilem

340 2989 601 3072 rempublicam,
621 3007 665 3053 ea
690 2987 786 3070 apud
815 2988 1004 3054 Hebraeos
1022 2990 1230 3055 nullatenus
1248 3007 1340 3072 pura
1368 2991 1457 3070 erat,

342 3093 406 3158 sed
419 3095 607 3160 tleocratio
628 3096 803 3178 admixta,
825 3101 898 3160 tum
916 3096 1001 3179 quia
1018 3097 1116 3162 Deus
1142 3095 1375 3179 providentia
1400 3113 1459 3160 ex·

342 3203 587 3266 traordinaria
612 3203 783 3284 populum
801 3204 1007 3269 immediate
1025 3205 1189 3288 regebat,
1204 3205 1282 3268 sive
1301 3219 1365 3286 per
1383 3220 1459 3266 ora-

343 3310 475 3390 culum,
496 3327 576 3375 cum
590 3311 886 3393 interrogabatur
919 3331 940 3375 a
969 3311 1113 3377 Summo
1143 3309 1352 3392 Sacerdote,
1383 3309 1459 3374 sive

343 3435 409 3500 per
424 3415 636 3499 Prophetas,
655 3418 784 3500 quibus
801 3419 1034 3484 incumbebat
1048 3436 1175 3484 munus
1193 3417 1376 3502 publicum
1399 3434 1457 3481 vo·

342 3523 519 3588 luntatem
537 3523 698 3590 divinam
715 3524 927 3590 ostendendi
942 3532 1051 3610 atque
1079 3527 1214 3590 abusus
1242 3523 1457 3608 corrigendi,

343 3637 417 3696 turn
431 3633 539 3696 etiarn
558 3633 643 3715 qnia
656 3637 819 3715 potestas
837 3634 956 3698 civilis
981 3651 1125 3715 semper
1142 3633 1210 3697 fuit
1223 3633 1457 3712 theooratioa3

343 3741 429 3805 licet
446 3741 540 3806 enim
556 3741 747 3806 voluntate
765 3741 902 3824 populi,
917 3742 1151 3826 permittente
1170 3745 1291 3806 tamen
1308 3739 1458 3806 auctori·

343 3851 419 3911 tate
432 3846 569 3930 divina,
585 3848 631 3913 ad
654 3849 771 3931 Reges
789 3849 911 3914 delata
925 3849 1048 3932 luerit,
1064 3849 1294 3915 nihilominus
1308 3850 1461 3931 ipsamet

343 3959 506 4038 potestas
523 3957 560 4020 in
577 3974 616 4021 se
632 3960 800 4040 spectata
814 3957 941 4024 eadem
958 3958 1025 4023 fuit
1038 3957 1075 4022 in
1092 3957 1261 4040 Regibus,
1277 3974 1321 4021 ac
1348 3957 1384 4020 in
1399 3955 1422 4020 J
1426 3975 1459 4020 u·

344 4062 482 4128 dicibns
500 4069 590 4145 erat,
612 4065 775 4147 adeoque
804 4065 1032 4130 theocratica
1046 4083 1126 4130 esse
1141 4065 1286 4130 minime
1311 4063 1457 4144 destitit,

343 4170 413 4236 hoc
429 4177 496 4246 est,
514 4189 586 4236 non
604 4176 741 4238 tantum
751 4174 834 4254 jnre
851 4177 1006 4240 naturae
1020 4179 1058 4240 ut
1073 4175 1169 4257 apud
1201 4191 1325 4239 omnes
1351 4188 1459 4256 popu·

343 4279 398 4343 los
416 4280 592 4364 exercita,
612 4284 675 4348 sed
689 4285 770 4366 jure
784 4285 907 4352 diuino
922 4283 1080 4368 positivo
1097 4290 1172 4350 tam
1201 4283 1339 4368 epocha
1365 4282 1385 4346 J
1390 4281 1459 4346 udi·
