<?xml version="1.0" encoding="UTF-8"?>
<!DOCTYPE html PUBLIC "-//W3C//DTD XHTML 1.0 Transitional//EN"
    "http://www.w3.org/TR/xhtml1/DTD/xhtml1-transitional.dtd">
<html xmlns="http://www.w3.org/1999/xhtml" xml:lang="en" lang="en">
 <head>
  <title>
</title>
<meta http-equiv="Content-Type" content="text/html;charset=utf-8" />
  <meta name='ocr-system' content='tesseract 3.04.00' />
  <meta name='ocr-capabilities' content='ocr_page ocr_carea ocr_par ocr_line ocrx_word'/>
</head>
<body>
  <div class='ocr_page' id='page_1' title='image "./juspublicumeccl01ferngoog_0021.png"; bbox 0 0 3120 4988; ppageno 0'>
   <div class='ocr_carea' id='block_1_1' title="bbox 820 401 957 460">
    <p class='ocr_par' dir='ltr' id='par_1_1' title="bbox 820 401 957 460">
     <span class='ocr_line' id='line_1_1' title="bbox 820 401 957 460; baseline -0.015 -12"><span class='ocrx_word' id='word_1_1' title='bbox 820 401 957 460; x_wconf 71' lang='lat'><strong>„2-</strong></span> 
     </span>
    </p>
   </div>
   <div class='ocr_carea' id='block_1_2' title="bbox 326 545 1543 1065">
    <p class='ocr_par' dir='ltr' id='par_1_2' title="bbox 326 545 1543 1065">
     <span class='ocr_line' id='line_1_2' title="bbox 327 545 1450 646; baseline -0.003 -29"><span class='ocrx_word' id='word_1_2' title='bbox 327 550 460 646; x_wconf 77' lang='lat' dir='ltr'><strong>agendi</strong></span> <span class='ocrx_word' id='word_1_3' title='bbox 477 553 540 616; x_wconf 86' lang='lat' dir='ltr'><strong>aut</strong></span> <span class='ocrx_word' id='word_1_4' title='bbox 556 547 739 632; x_wconf 86' lang='lat' dir='ltr'><strong>exigendi,</strong></span> <span class='ocrx_word' id='word_1_5' title='bbox 756 547 842 630; x_wconf 93' lang='lat' dir='ltr'><strong>quin</strong></span> <span class='ocrx_word' id='word_1_6' title='bbox 856 546 924 612; x_wconf 88' lang='lat' dir='ltr'><strong>hoo</strong></span> <span class='ocrx_word' id='word_1_7' title='bbox 938 545 1016 630; x_wconf 87' lang='lat' dir='ltr'><strong>ipso</strong></span> <span class='ocrx_word' id='word_1_8' title='bbox 1034 547 1191 612; x_wconf 89' lang='lat' dir='ltr'><strong>caeteris</strong></span> <span class='ocrx_word' id='word_1_9' title='bbox 1207 547 1373 630; x_wconf 85' lang='lat' dir='ltr'><strong>imponat</strong></span> <span class='ocrx_word' id='word_1_10' title='bbox 1386 567 1450 614; x_wconf 91' lang='lat' dir='ltr'><strong>ne·</strong></span> 
     </span>
     <span class='ocr_line' id='line_1_3' title="bbox 326 652 1450 737; baseline -0.005 -11"><span class='ocrx_word' id='word_1_11' title='bbox 326 659 532 726; x_wconf 81' lang='lat' dir='ltr'><strong>cessitatem</strong></span> <span class='ocrx_word' id='word_1_12' title='bbox 550 673 630 722; x_wconf 89' lang='lat' dir='ltr'><strong>sese</strong></span> <span class='ocrx_word' id='word_1_13' title='bbox 644 674 717 722; x_wconf 92' lang='lat' dir='ltr'><strong>uon</strong></span> <span class='ocrx_word' id='word_1_14' title='bbox 730 652 937 737; x_wconf 89' lang='lat' dir='ltr'><strong>opponendi</strong></span> <span class='ocrx_word' id='word_1_15' title='bbox 951 652 1033 718; x_wconf 87' lang='lat' dir='ltr'><strong>huie</strong></span> <span class='ocrx_word' id='word_1_16' title='bbox 1050 653 1231 736; x_wconf 80' lang='lat' dir='ltr'><strong>facultati,</strong></span> <span class='ocrx_word' id='word_1_17' title='bbox 1250 655 1312 720; x_wconf 89' lang='lat' dir='ltr'><strong>vel</strong></span> <span class='ocrx_word' id='word_1_18' title='bbox 1334 657 1450 720; x_wconf 85' lang='lat' dir='ltr'><strong>etiam</strong></span> 
     </span>
     <span class='ocr_line' id='line_1_4' title="bbox 326 759 1543 852; baseline -0.002 -21"><span class='ocrx_word' id='word_1_19' title='bbox 326 765 538 850; x_wconf 84' lang='lat' dir='ltr'><strong>praestandi</strong></span> <span class='ocrx_word' id='word_1_20' title='bbox 565 763 655 830; x_wconf 94' lang='lat' dir='ltr'><strong>illud</strong></span> <span class='ocrx_word' id='word_1_21' title='bbox 669 761 765 846; x_wconf 90' lang='lat' dir='ltr'><strong>quod</strong></span> <span class='ocrx_word' id='word_1_22' title='bbox 782 761 952 844; x_wconf 80' lang='lat' dir='ltr'><strong>exigitur.</strong></span> <span class='ocrx_word' id='word_1_23' title='bbox 968 759 1071 826; x_wconf 84' lang='lat' dir='ltr'>Unde</span> <span class='ocrx_word' id='word_1_24' title='bbox 1085 761 1151 825; x_wconf 89' lang='lat' dir='ltr'><strong>sub</strong></span> <span class='ocrx_word' id='word_1_25' title='bbox 1168 761 1312 828; x_wconf 92' lang='lat' dir='ltr'><strong>nomine</strong></span> <span class='ocrx_word' id='word_1_26' title='bbox 1339 763 1452 852; x_wconf 73' lang='lat' dir='ltr'><strong>officii</strong></span> <span class='ocrx_word' id='word_1_27' title='bbox 1542 784 1543 800; x_wconf 58' lang='lat'>¹</span> 
     </span>
     <span class='ocr_line' id='line_1_5' title="bbox 327 868 1449 960; baseline -0.004 -20"><span class='ocrx_word' id='word_1_28' title='bbox 327 873 508 940; x_wconf 82' lang='lat' dir='ltr'><strong>usuvenit:</strong></span> <span class='ocrx_word' id='word_1_29' title='bbox 529 873 691 960; x_wconf 69' lang='lat' dir='ltr'><strong>obligatio</strong></span> <span class='ocrx_word' id='word_1_30' title='bbox 708 879 766 936; x_wconf 83' lang='lat' dir='ltr'><strong>aut</strong></span> <span class='ocrx_word' id='word_1_31' title='bbox 786 868 971 935; x_wconf 78' lang='lat' dir='ltr'><strong>necessitas</strong></span> <span class='ocrx_word' id='word_1_32' title='bbox 987 869 1133 936; x_wconf 75' lang='lat' dir='ltr'><strong>moralia</strong></span> <span class='ocrx_word' id='word_1_33' title='bbox 1163 869 1299 954; x_wconf 78' lang='lat' dir='ltr'><strong>aliquid</strong></span> <span class='ocrx_word' id='word_1_34' title='bbox 1313 871 1449 956; x_wconf 74' lang='lat' dir='ltr'><strong>sacien-</strong></span> 
     </span>
     <span class='ocr_line' id='line_1_6' title="bbox 326 975 1450 1065; baseline -0.005 -17"><span class='ocrx_word' id='word_1_35' title='bbox 326 983 374 1064; x_wconf 76' lang='grc' dir='ltr'><strong>ἀί,</strong></span> <span class='ocrx_word' id='word_1_36' title='bbox 393 981 574 1048; x_wconf 78' lang='lat' dir='ltr'><strong>omittendi</strong></span> <span class='ocrx_word' id='word_1_37' title='bbox 598 977 890 1065; x_wconf 81' lang='lat' dir='ltr'><strong>autpracstandi.</strong></span> <span class='ocrx_word' id='word_1_38' title='bbox 909 975 1055 1060; x_wconf 85' lang='lat' dir='ltr'><strong>Duplex</strong></span> <span class='ocrx_word' id='word_1_39' title='bbox 1081 975 1191 1040; x_wconf 85' lang='lat' dir='ltr'><strong>offleii</strong></span> <span class='ocrx_word' id='word_1_40' title='bbox 1223 993 1337 1059; x_wconf 88' lang='lat' dir='ltr'><strong>genus</strong></span> <span class='ocrx_word' id='word_1_41' title='bbox 1365 995 1450 1042; x_wconf 89' lang='lat' dir='ltr'><strong>cum</strong></span> 
     </span>
    </p>
   </div>
   <div class='ocr_carea' id='block_1_3' title="bbox 326 1083 1544 1280">
    <p class='ocr_par' dir='ltr' id='par_1_3' title="bbox 326 1083 1544 1280">
     <span class='ocr_line' id='line_1_7' title="bbox 326 1083 1544 1173; baseline -0.005 -18"><span class='ocrx_word' id='word_1_42' title='bbox 326 1089 503 1173; x_wconf 84' lang='lat' dir='ltr'><strong>Angelioo</strong></span> <span class='ocrx_word' id='word_1_43' title='bbox 521 1087 681 1154; x_wconf 89' lang='lat' dir='ltr'><strong>Doctore</strong></span> <span class='ocrx_word' id='word_1_44' title='bbox 699 1084 923 1167; x_wconf 83' lang='lat' dir='ltr'><strong>distinguere</strong></span> <span class='ocrx_word' id='word_1_45' title='bbox 938 1087 1093 1166; x_wconf 85' lang='lat' dir='ltr'><strong>oportet,</strong></span> <span class='ocrx_word' id='word_1_46' title='bbox 1106 1083 1303 1172; x_wconf 82' lang='lat' dir='ltr'><strong>juridicum</strong></span> <span class='ocrx_word' id='word_1_47' title='bbox 1316 1101 1450 1168; x_wconf 89' lang='lat' dir='ltr'><strong>nempe</strong></span> <span class='ocrx_word' id='word_1_48' title='bbox 1543 1151 1544 1160; x_wconf 43' lang='lat'><strong>,</strong></span> 
     </span>
     <span class='ocr_line' id='line_1_8' title="bbox 326 1189 1544 1280; baseline -0.006 -18"><span class='ocrx_word' id='word_1_49' title='bbox 326 1215 390 1262; x_wconf 88' lang='lat' dir='ltr'><strong>seu</strong></span> <span class='ocrx_word' id='word_1_50' title='bbox 403 1195 523 1280; x_wconf 82' lang='lat' dir='ltr'><strong>legale</strong></span> <span class='ocrx_word' id='word_1_51' title='bbox 536 1199 572 1260; x_wconf 90' lang='lat' dir='ltr'><strong>et</strong></span> <span class='ocrx_word' id='word_1_52' title='bbox 586 1194 731 1260; x_wconf 83' lang='lat' dir='ltr'><strong>ethicum</strong></span> <span class='ocrx_word' id='word_1_53' title='bbox 744 1209 809 1257; x_wconf 87' lang='lat' dir='ltr'><strong>seu</strong></span> <span class='ocrx_word' id='word_1_54' title='bbox 822 1191 973 1257; x_wconf 88' lang='lat' dir='ltr'><strong>morale:</strong></span> <span class='ocrx_word' id='word_1_55' title='bbox 991 1191 1080 1274; x_wconf 85' lang='lat' dir='ltr'><strong>“est,</strong></span> <span class='ocrx_word' id='word_1_56' title='bbox 1096 1190 1212 1274; x_wconf 90' lang='lat' dir='ltr'><strong>inquit</strong></span> <span class='ocrx_word' id='word_1_57' title='bbox 1224 1189 1258 1256; x_wconf 88' lang='lat' dir='ltr'><strong>S.</strong></span> <span class='ocrx_word' id='word_1_58' title='bbox 1276 1190 1447 1274; x_wconf 81' lang='lat' dir='ltr'><strong>Thomas,</strong></span> <span class='ocrx_word' id='word_1_59' title='bbox 1543 1189 1544 1196; x_wconf 77' lang='grc'>’</span> 
     </span>
    </p>
   </div>
   <div class='ocr_carea' id='block_1_4' title="bbox 327 1297 1450 1494">
    <p class='ocr_par' dir='ltr' id='par_1_4' title="bbox 327 1297 1450 1494">
     <span class='ocr_line' id='line_1_9' title="bbox 327 1297 1450 1386; baseline -0.004 -18"><span class='ocrx_word' id='word_1_60' title='bbox 327 1303 462 1386; x_wconf 84' lang='lat' dir='ltr'><strong>duplex</strong></span> <span class='ocrx_word' id='word_1_61' title='bbox 479 1301 651 1384; x_wconf 90' lang='lat' dir='ltr'><strong>debiturn,</strong></span> <span class='ocrx_word' id='word_1_62' title='bbox 671 1300 812 1366; x_wconf 90' lang='lat' dir='ltr'><strong>scilicet</strong></span> <span class='ocrx_word' id='word_1_63' title='bbox 841 1298 978 1364; x_wconf 87' lang='lat' dir='ltr'><strong>morale</strong></span> <span class='ocrx_word' id='word_1_64' title='bbox 1012 1303 1048 1362; x_wconf 89' lang='lat' dir='ltr'><strong>et</strong></span> <span class='ocrx_word' id='word_1_65' title='bbox 1080 1297 1243 1380; x_wconf 88' lang='lat' dir='ltr'><strong>legale...</strong></span> <span class='ocrx_word' id='word_1_66' title='bbox 1276 1297 1450 1364; x_wconf 88' lang='lat' dir='ltr'><strong>Debitum</strong></span> 
     </span>
     <span class='ocr_line' id='line_1_10' title="bbox 327 1404 1450 1494; baseline -0.004 -18"><span class='ocrx_word' id='word_1_67' title='bbox 327 1410 471 1494; x_wconf 90' lang='lat' dir='ltr'><strong>quidem</strong></span> <span class='ocrx_word' id='word_1_68' title='bbox 496 1409 617 1493; x_wconf 90' lang='lat' dir='ltr'><strong>legale</strong></span> <span class='ocrx_word' id='word_1_69' title='bbox 647 1410 714 1490; x_wconf 84' lang='lat' dir='ltr'><strong>eet,</strong></span> <span class='ocrx_word' id='word_1_70' title='bbox 749 1405 909 1490; x_wconf 90' lang='lat' dir='ltr'><strong>adquod</strong></span> <span class='ocrx_word' id='word_1_71' title='bbox 942 1404 1165 1470; x_wconf 89' lang='lat' dir='ltr'><strong>reddendum</strong></span> <span class='ocrx_word' id='word_1_72' title='bbox 1198 1404 1329 1488; x_wconf 86' lang='lat' dir='ltr'><strong>aliquis</strong></span> <span class='ocrx_word' id='word_1_73' title='bbox 1364 1406 1450 1490; x_wconf 86' lang='lat' dir='ltr'><strong>lege</strong></span> 
     </span>
    </p>
   </div>
   <div class='ocr_carea' id='block_1_5' title="bbox 328 1511 1545 1602">
    <p class='ocr_par' dir='ltr' id='par_1_5' title="bbox 328 1511 1545 1602">
     <span class='ocr_line' id='line_1_11' title="bbox 328 1511 1545 1602; baseline -0.007 -18"><span class='ocrx_word' id='word_1_74' title='bbox 328 1518 578 1602; x_wconf 84' lang='lat' dir='ltr'><strong>adstringitur,</strong></span> <span class='ocrx_word' id='word_1_75' title='bbox 605 1520 641 1581; x_wconf 91' lang='lat' dir='ltr'><strong>et</strong></span> <span class='ocrx_word' id='word_1_76' title='bbox 670 1515 745 1580; x_wconf 85' lang='lat' dir='ltr'><strong>tale</strong></span> <span class='ocrx_word' id='word_1_77' title='bbox 762 1513 921 1579; x_wconf 89' lang='lat' dir='ltr'><strong>debitum</strong></span> <span class='ocrx_word' id='word_1_78' title='bbox 937 1511 1084 1596; x_wconf 89' lang='lat' dir='ltr'><strong>proprie</strong></span> <span class='ocrx_word' id='word_1_79' title='bbox 1112 1511 1267 1577; x_wconf 84' lang='lat' dir='ltr'><strong>attendit</strong></span> <span class='ocrx_word' id='word_1_80' title='bbox 1290 1512 1447 1598; x_wconf 63' lang='lat' dir='ltr'><strong>matitia,</strong></span> <span class='ocrx_word' id='word_1_81' title='bbox 1544 1537 1545 1576; x_wconf 68' lang='grc' dir='ltr'><strong>ς</strong></span> 
     </span>
    </p>
   </div>
   <div class='ocr_carea' id='block_1_6' title="bbox 328 1618 1448 1816">
    <p class='ocr_par' dir='ltr' id='par_1_6' title="bbox 328 1618 1448 1816">
     <span class='ocr_line' id='line_1_12' title="bbox 328 1618 1448 1708; baseline -0.004 -20"><span class='ocrx_word' id='word_1_82' title='bbox 328 1643 421 1708; x_wconf 89' lang='lat' dir='ltr'><strong>quae</strong></span> <span class='ocrx_word' id='word_1_83' title='bbox 435 1631 491 1689; x_wconf 89' lang='lat' dir='ltr'><strong>est</strong></span> <span class='ocrx_word' id='word_1_84' title='bbox 504 1623 717 1708; x_wconf 87' lang='lat' dir='ltr'><strong>principalis</strong></span> <span class='ocrx_word' id='word_1_85' title='bbox 735 1622 864 1688; x_wconf 91' lang='lat' dir='ltr'><strong>virtus.</strong></span> <span class='ocrx_word' id='word_1_86' title='bbox 884 1619 1053 1686; x_wconf 89' lang='lat' dir='ltr'><strong>Debitum</strong></span> <span class='ocrx_word' id='word_1_87' title='bbox 1072 1623 1192 1684; x_wconf 84' lang='lat' dir='ltr'><strong>autem</strong></span> <span class='ocrx_word' id='word_1_88' title='bbox 1209 1618 1347 1684; x_wconf 88' lang='lat' dir='ltr'><strong>morale</strong></span> <span class='ocrx_word' id='word_1_89' title='bbox 1377 1621 1448 1702; x_wconf 86' lang='lat' dir='ltr'><strong>est,</strong></span> 
     </span>
     <span class='ocr_line' id='line_1_13' title="bbox 328 1727 1224 1816; baseline -0.007 -20"><span class='ocrx_word' id='word_1_90' title='bbox 328 1731 424 1816; x_wconf 91' lang='lat' dir='ltr'><strong>quod</strong></span> <span class='ocrx_word' id='word_1_91' title='bbox 441 1730 572 1814; x_wconf 89' lang='lat' dir='ltr'><strong>aliquis</strong></span> <span class='ocrx_word' id='word_1_92' title='bbox 590 1729 697 1795; x_wconf 88' lang='lat' dir='ltr'><strong>debet</strong></span> <span class='ocrx_word' id='word_1_93' title='bbox 714 1747 760 1794; x_wconf 88' lang='lat' dir='ltr'><strong>ex</strong></span> <span class='ocrx_word' id='word_1_94' title='bbox 778 1730 969 1794; x_wconf 86' lang='lat' dir='ltr'><strong>honestate</strong></span> <span class='ocrx_word' id='word_1_95' title='bbox 982 1727 1147 1812; x_wconf 87' lang='lat' dir='ltr'><strong>virtutis,</strong></span> <span class='ocrx_word' id='word_1_96' title='bbox 1164 1727 1224 1809; x_wconf 77' lang='grc'><strong>(1).</strong></span> 
     </span>
    </p>
   </div>
   <div class='ocr_carea' id='block_1_7' title="bbox 417 1833 1546 1920">
    <p class='ocr_par' dir='ltr' id='par_1_7' title="bbox 417 1833 1546 1920">
     <span class='ocr_line' id='line_1_14' title="bbox 417 1833 1546 1920; baseline 0 -18"><span class='ocrx_word' id='word_1_97' title='bbox 417 1837 470 1904; x_wconf 83' lang='lat' dir='ltr'><strong>Ex</strong></span> <span class='ocrx_word' id='word_1_98' title='bbox 485 1837 650 1903; x_wconf 87' lang='lat' dir='ltr'><strong>doctrina</strong></span> <span class='ocrx_word' id='word_1_99' title='bbox 668 1836 777 1919; x_wconf 88' lang='lat' dir='ltr'><strong>igitur</strong></span> <span class='ocrx_word' id='word_1_100' title='bbox 809 1834 845 1901; x_wconf 91' lang='lat' dir='ltr'><strong>S.</strong></span> <span class='ocrx_word' id='word_1_101' title='bbox 878 1833 1049 1901; x_wconf 88' lang='lat' dir='ltr'><strong>Doetoris</strong></span> <span class='ocrx_word' id='word_1_102' title='bbox 1073 1833 1230 1898; x_wconf 83' lang='lat' dir='ltr'><strong>officium</strong></span> <span class='ocrx_word' id='word_1_103' title='bbox 1249 1833 1450 1920; x_wconf 83' lang='lat' dir='ltr'><strong>juridicum</strong></span> <span class='ocrx_word' id='word_1_104' title='bbox 1545 1849 1546 1902; x_wconf 79' lang='lat' dir='ltr'><strong>l</strong></span> 
     </span>
    </p>
   </div>
   <div class='ocr_carea' id='block_1_8' title="bbox 324 1941 1451 2350">
    <p class='ocr_par' dir='ltr' id='par_1_8' title="bbox 324 1941 1451 2350">
     <span class='ocr_line' id='line_1_15' title="bbox 328 1941 1450 2030; baseline -0.004 -20"><span class='ocrx_word' id='word_1_105' title='bbox 328 1945 399 2010; x_wconf 90' lang='lat' dir='ltr'><strong>diei</strong></span> <span class='ocrx_word' id='word_1_106' title='bbox 431 1946 537 2010; x_wconf 86' lang='lat' dir='ltr'><strong>solet:</strong></span> <span class='ocrx_word' id='word_1_107' title='bbox 556 1945 719 2030; x_wconf 69' lang='lat' dir='ltr'><strong>obligatio</strong></span> <span class='ocrx_word' id='word_1_108' title='bbox 749 1945 990 2024; x_wconf 80' lang='lat' dir='ltr'><strong>determinata,</strong></span> <span class='ocrx_word' id='word_1_109' title='bbox 1020 1962 1105 2027; x_wconf 81' lang='lat' dir='ltr'><strong>quaa</strong></span> <span class='ocrx_word' id='word_1_110' title='bbox 1134 1943 1169 2006; x_wconf 84' lang='lat' dir='ltr'><strong>oi</strong></span> <span class='ocrx_word' id='word_1_111' title='bbox 1195 1947 1257 2008; x_wconf 84' lang='lat' dir='ltr'><strong>aut</strong></span> <span class='ocrx_word' id='word_1_112' title='bbox 1274 1941 1450 2006; x_wconf 79' lang='lat' dir='ltr'><strong>coactione</strong></span> 
     </span>
     <span class='ocr_line' id='line_1_16' title="bbox 327 2045 1448 2138; baseline -0.007 -19"><span class='ocrx_word' id='word_1_113' title='bbox 327 2054 420 2138; x_wconf 77' lang='lat' dir='ltr'><strong>enipi</strong></span> <span class='ocrx_word' id='word_1_114' title='bbox 441 2059 567 2138; x_wconf 81' lang='lat' dir='ltr'><strong>potest,</strong></span> <span class='ocrx_word' id='word_1_115' title='bbox 596 2057 722 2134; x_wconf 90' lang='lat' dir='ltr'><strong>utpote</strong></span> <span class='ocrx_word' id='word_1_116' title='bbox 751 2050 827 2133; x_wconf 89' lang='lat' dir='ltr'><strong>juri</strong></span> <span class='ocrx_word' id='word_1_117' title='bbox 844 2051 1002 2136; x_wconf 77' lang='lat' dir='ltr'><strong>perfecto</strong></span> <span class='ocrx_word' id='word_1_118' title='bbox 1036 2047 1275 2132; x_wconf 87' lang='lat' dir='ltr'><strong>respondens,</strong></span> <span class='ocrx_word' id='word_1_119' title='bbox 1293 2045 1362 2112; x_wconf 91' lang='lat' dir='ltr'><strong>hoc</strong></span> <span class='ocrx_word' id='word_1_120' title='bbox 1379 2053 1448 2129; x_wconf 88' lang='lat' dir='ltr'><strong>est,</strong></span> 
     </span>
     <span class='ocr_line' id='line_1_17' title="bbox 324 2154 1450 2244; baseline -0.003 -19"><span class='ocrx_word' id='word_1_121' title='bbox 324 2160 399 2244; x_wconf 89' lang='lat' dir='ltr'><strong>juri</strong></span> <span class='ocrx_word' id='word_1_122' title='bbox 416 2159 520 2224; x_wconf 90' lang='lat' dir='ltr'><strong>titulo</strong></span> <span class='ocrx_word' id='word_1_123' title='bbox 538 2159 688 2224; x_wconf 82' lang='lat' dir='ltr'><strong>strictae</strong></span> <span class='ocrx_word' id='word_1_124' title='bbox 697 2157 1011 2240; x_wconf 79' lang='lat' dir='ltr'><strong>Justitiaeinnix03</strong></span> <span class='ocrx_word' id='word_1_125' title='bbox 1026 2157 1184 2222; x_wconf 84' lang='lat' dir='ltr'><strong>osticium</strong></span> <span class='ocrx_word' id='word_1_126' title='bbox 1198 2173 1287 2224; x_wconf 87' lang='lat' dir='ltr'><strong>vero</strong></span> <span class='ocrx_word' id='word_1_127' title='bbox 1301 2154 1450 2222; x_wconf 79' lang='lat' dir='ltr'><strong>atticam</strong></span> 
     </span>
     <span class='ocr_line' id='line_1_18' title="bbox 328 2262 1451 2350; baseline -0.001 -21"><span class='ocrx_word' id='word_1_128' title='bbox 328 2283 392 2330; x_wconf 89' lang='lat' dir='ltr'><strong>seu</strong></span> <span class='ocrx_word' id='word_1_129' title='bbox 405 2265 544 2329; x_wconf 91' lang='lat' dir='ltr'><strong>morale</strong></span> <span class='ocrx_word' id='word_1_130' title='bbox 554 2262 690 2347; x_wconf 87' lang='lat' dir='ltr'><strong>passim</strong></span> <span class='ocrx_word' id='word_1_131' title='bbox 705 2262 885 2328; x_wconf 86' lang='lat' dir='ltr'><strong>definitur:</strong></span> <span class='ocrx_word' id='word_1_132' title='bbox 900 2264 1062 2350; x_wconf 74' lang='lat' dir='ltr'><strong>otttqatio</strong></span> <span class='ocrx_word' id='word_1_133' title='bbox 1073 2263 1352 2344; x_wconf 81' lang='lat' dir='ltr'><strong>indeterminato,</strong></span> <span class='ocrx_word' id='word_1_134' title='bbox 1362 2283 1451 2347; x_wconf 80' lang='lat' dir='ltr'><strong>quae</strong></span> 
     </span>
    </p>
   </div>
   <div class='ocr_carea' id='block_1_9' title="bbox 328 2370 1476 4172">
    <p class='ocr_par' dir='ltr' id='par_1_9' title="bbox 329 2370 1450 2652">
     <span class='ocr_line' id='line_1_19' title="bbox 329 2370 1449 2457; baseline -0.003 -20"><span class='ocrx_word' id='word_1_135' title='bbox 329 2374 363 2438; x_wconf 82' lang='lat' dir='ltr'><strong>oi</strong></span> <span class='ocrx_word' id='word_1_136' title='bbox 379 2372 549 2454; x_wconf 80' lang='lat' dir='ltr'><strong>adbibita,</strong></span> <span class='ocrx_word' id='word_1_137' title='bbox 568 2372 708 2436; x_wconf 80' lang='lat' dir='ltr'><strong>minimo</strong></span> <span class='ocrx_word' id='word_1_138' title='bbox 725 2372 818 2457; x_wconf 74' lang='lat' dir='ltr'><strong>culpi</strong></span> <span class='ocrx_word' id='word_1_139' title='bbox 839 2377 966 2456; x_wconf 79' lang='lat' dir='ltr'><strong>potest,</strong></span> <span class='ocrx_word' id='word_1_140' title='bbox 987 2371 1072 2455; x_wconf 89' lang='lat' dir='ltr'><strong>quia</strong></span> <span class='ocrx_word' id='word_1_141' title='bbox 1086 2370 1161 2453; x_wconf 83' lang='lat' dir='ltr'><strong>juri</strong></span> <span class='ocrx_word' id='word_1_142' title='bbox 1176 2371 1376 2457; x_wconf 76' lang='lat' dir='ltr'><strong>imperfecto</strong></span> <span class='ocrx_word' id='word_1_143' title='bbox 1393 2387 1449 2434; x_wconf 91' lang='lat' dir='ltr'><strong>re·</strong></span> 
     </span>
     <span class='ocr_line' id='line_1_20' title="bbox 329 2477 1450 2562; baseline -0.002 -18"><span class='ocrx_word' id='word_1_144' title='bbox 329 2478 495 2562; x_wconf 91' lang='lat' dir='ltr'><strong>spondet,</strong></span> <span class='ocrx_word' id='word_1_145' title='bbox 529 2477 566 2542; x_wconf 90' lang='lat' dir='ltr'><strong>id</strong></span> <span class='ocrx_word' id='word_1_146' title='bbox 590 2481 656 2560; x_wconf 87' lang='lat' dir='ltr'><strong>est,</strong></span> <span class='ocrx_word' id='word_1_147' title='bbox 679 2478 754 2560; x_wconf 86' lang='lat' dir='ltr'><strong>juri</strong></span> <span class='ocrx_word' id='word_1_148' title='bbox 786 2477 907 2561; x_wconf 83' lang='lat' dir='ltr'><strong>aliquo</strong></span> <span class='ocrx_word' id='word_1_149' title='bbox 942 2478 1132 2544; x_wconf 89' lang='lat' dir='ltr'><strong>decentiae</strong></span> <span class='ocrx_word' id='word_1_150' title='bbox 1164 2478 1226 2544; x_wconf 88' lang='lat' dir='ltr'><strong>vel</strong></span> <span class='ocrx_word' id='word_1_151' title='bbox 1257 2477 1450 2544; x_wconf 85' lang='lat' dir='ltr'><strong>charitatis</strong></span> 
     </span>
     <span class='ocr_line' id='line_1_21' title="bbox 329 2584 778 2652; baseline -0.009 0"><span class='ocrx_word' id='word_1_152' title='bbox 329 2587 465 2652; x_wconf 88' lang='lat' dir='ltr'><strong>motivo</strong></span> <span class='ocrx_word' id='word_1_153' title='bbox 480 2589 620 2650; x_wconf 91' lang='lat' dir='ltr'><strong>tautum</strong></span> <span class='ocrx_word' id='word_1_154' title='bbox 638 2584 778 2650; x_wconf 84' lang='lat' dir='ltr'><strong>fulcito.</strong></span> 
     </span>
    </p>

    <p class='ocr_par' dir='ltr' id='par_1_10' title="bbox 328 2691 1476 3863">
     <span class='ocr_line' id='line_1_22' title="bbox 418 2691 1449 2788; baseline 0 -30"><span class='ocrx_word' id='word_1_155' title='bbox 418 2695 450 2758; x_wconf 80' lang='lat'><strong>2.</strong></span> <span class='ocrx_word' id='word_1_156' title='bbox 501 2692 874 2758; x_wconf 77' lang='lat' dir='ltr'><strong>Animadvertendum</strong></span> <span class='ocrx_word' id='word_1_157' title='bbox 888 2693 997 2788; x_wconf 81' lang='lat' dir='ltr'><strong>etiam</strong></span> <span class='ocrx_word' id='word_1_158' title='bbox 1016 2694 1139 2774; x_wconf 88' lang='lat' dir='ltr'><strong>estjus</strong></span> <span class='ocrx_word' id='word_1_159' title='bbox 1157 2708 1301 2777; x_wconf 87' lang='lat' dir='ltr'><strong>semper</strong></span> <span class='ocrx_word' id='word_1_160' title='bbox 1313 2691 1449 2778; x_wconf 82' lang='lat' dir='ltr'><strong>adpor-</strong></span> 
     </span>
     <span class='ocr_line' id='line_1_23' title="bbox 328 2800 1450 2888; baseline -0.003 -21"><span class='ocrx_word' id='word_1_161' title='bbox 328 2823 448 2868; x_wconf 79' lang='lat' dir='ltr'><strong>ronam</strong></span> <span class='ocrx_word' id='word_1_162' title='bbox 464 2801 605 2880; x_wconf 84' lang='lat' dir='ltr'><strong>referri,</strong></span> <span class='ocrx_word' id='word_1_163' title='bbox 624 2804 660 2865; x_wconf 89' lang='lat' dir='ltr'><strong>et</strong></span> <span class='ocrx_word' id='word_1_164' title='bbox 684 2800 714 2866; x_wconf 90' lang='lat' dir='ltr'><strong>si</strong></span> <span class='ocrx_word' id='word_1_165' title='bbox 739 2800 954 2884; x_wconf 87' lang='lat' dir='ltr'><strong>acceptione</strong></span> <span class='ocrx_word' id='word_1_166' title='bbox 980 2801 1126 2888; x_wconf 81' lang='lat' dir='ltr'><strong>formali</strong></span> <span class='ocrx_word' id='word_1_167' title='bbox 1151 2805 1356 2884; x_wconf 88' lang='lat' dir='ltr'><strong>usurpetur,</strong></span> <span class='ocrx_word' id='word_1_168' title='bbox 1376 2818 1450 2865; x_wconf 92' lang='lat' dir='ltr'><strong>non</strong></span> 
     </span>
     <span class='ocr_line' id='line_1_24' title="bbox 328 2907 1450 2996; baseline 0.001 -24"><span class='ocrx_word' id='word_1_169' title='bbox 328 2909 445 2972; x_wconf 91' lang='lat' dir='ltr'><strong>solum</strong></span> <span class='ocrx_word' id='word_1_170' title='bbox 474 2907 617 2988; x_wconf 85' lang='lat' dir='ltr'><strong>referri,</strong></span> <span class='ocrx_word' id='word_1_171' title='bbox 637 2907 893 2972; x_wconf 86' lang='lat' dir='ltr'><strong>verumetiam</strong></span> <span class='ocrx_word' id='word_1_172' title='bbox 911 2908 947 2972; x_wconf 93' lang='lat' dir='ltr'><strong>in</strong></span> <span class='ocrx_word' id='word_1_173' title='bbox 961 2927 1114 2996; x_wconf 79' lang='lat' dir='ltr'><strong>persona</strong></span> <span class='ocrx_word' id='word_1_174' title='bbox 1127 2923 1272 2990; x_wconf 89' lang='lat' dir='ltr'><strong>semper</strong></span> <span class='ocrx_word' id='word_1_175' title='bbox 1287 2907 1450 2973; x_wconf 88' lang='lat' dir='ltr'><strong>residere</strong></span> 
     </span>
     <span class='ocr_line' id='line_1_25' title="bbox 330 3013 1450 3097; baseline 0.002 -19"><span class='ocrx_word' id='word_1_176' title='bbox 330 3019 514 3096; x_wconf 89' lang='lat' dir='ltr'><strong>tamquam</strong></span> <span class='ocrx_word' id='word_1_177' title='bbox 533 3013 569 3078; x_wconf 93' lang='lat' dir='ltr'><strong>in</strong></span> <span class='ocrx_word' id='word_1_178' title='bbox 586 3031 650 3078; x_wconf 90' lang='lat' dir='ltr'><strong>suo</strong></span> <span class='ocrx_word' id='word_1_179' title='bbox 683 3013 860 3095; x_wconf 88' lang='lat' dir='ltr'><strong>subjecto;</strong></span> <span class='ocrx_word' id='word_1_180' title='bbox 895 3032 940 3078; x_wconf 89' lang='lat' dir='ltr'><strong>ae</strong></span> <span class='ocrx_word' id='word_1_181' title='bbox 972 3013 1145 3097; x_wconf 86' lang='lat' dir='ltr'><strong>vicissim,</strong></span> <span class='ocrx_word' id='word_1_182' title='bbox 1165 3032 1245 3080; x_wconf 90' lang='lat' dir='ltr'><strong>curu</strong></span> <span class='ocrx_word' id='word_1_183' title='bbox 1259 3019 1331 3080; x_wconf 84' lang='lat' dir='ltr'><strong>tam</strong></span> <span class='ocrx_word' id='word_1_184' title='bbox 1346 3019 1450 3080; x_wconf 87' lang='lat' dir='ltr'><strong>arcta</strong></span> 
     </span>
     <span class='ocr_line' id='line_1_26' title="bbox 330 3118 1449 3202; baseline 0.001 -18"><span class='ocrx_word' id='word_1_185' title='bbox 330 3119 536 3201; x_wconf 79' lang='lat' dir='ltr'><strong>conjunctio</strong></span> <span class='ocrx_word' id='word_1_186' title='bbox 555 3124 592 3183; x_wconf 86' lang='lat' dir='ltr'><strong>et</strong></span> <span class='ocrx_word' id='word_1_187' title='bbox 605 3118 817 3184; x_wconf 82' lang='lat' dir='ltr'><strong>necessaria</strong></span> <span class='ocrx_word' id='word_1_188' title='bbox 844 3119 1039 3184; x_wconf 89' lang='lat' dir='ltr'><strong>correlatio</strong></span> <span class='ocrx_word' id='word_1_189' title='bbox 1057 3119 1151 3184; x_wconf 91' lang='lat' dir='ltr'><strong>inter</strong></span> <span class='ocrx_word' id='word_1_190' title='bbox 1164 3121 1224 3202; x_wconf 88' lang='lat' dir='ltr'><strong>jus</strong></span> <span class='ocrx_word' id='word_1_191' title='bbox 1242 3125 1278 3185; x_wconf 92' lang='lat' dir='ltr'><strong>et</strong></span> <span class='ocrx_word' id='word_1_192' title='bbox 1291 3119 1449 3186; x_wconf 82' lang='lat' dir='ltr'><strong>officium</strong></span> 
     </span>
     <span class='ocr_line' id='line_1_27' title="bbox 330 3226 1449 3313; baseline 0.002 -21"><span class='ocrx_word' id='word_1_193' title='bbox 330 3231 461 3309; x_wconf 84' lang='lat' dir='ltr'><strong>exstet,</strong></span> <span class='ocrx_word' id='word_1_194' title='bbox 482 3226 685 3292; x_wconf 85' lang='lat' dir='ltr'><strong>clarissime</strong></span> <span class='ocrx_word' id='word_1_195' title='bbox 704 3231 808 3310; x_wconf 87' lang='lat' dir='ltr'><strong>patet</strong></span> <span class='ocrx_word' id='word_1_196' title='bbox 825 3229 940 3293; x_wconf 88' lang='lat' dir='ltr'><strong>omnis</strong></span> <span class='ocrx_word' id='word_1_197' title='bbox 969 3246 1112 3312; x_wconf 90' lang='lat' dir='ltr'><strong>quoque</strong></span> <span class='ocrx_word' id='word_1_198' title='bbox 1129 3228 1361 3313; x_wconf 84' lang='lat' dir='ltr'><strong>obligationis</strong></span> <span class='ocrx_word' id='word_1_199' title='bbox 1379 3232 1449 3294; x_wconf 92' lang='lat' dir='ltr'><strong>ter-</strong></span> 
     </span>
     <span class='ocr_line' id='line_1_28' title="bbox 330 3334 1448 3422; baseline 0.005 -25"><span class='ocrx_word' id='word_1_200' title='bbox 330 3334 465 3398; x_wconf 88' lang='lat' dir='ltr'><strong>minum</strong></span> <span class='ocrx_word' id='word_1_201' title='bbox 482 3351 562 3398; x_wconf 88' lang='lat' dir='ltr'><strong>esse</strong></span> <span class='ocrx_word' id='word_1_202' title='bbox 596 3351 803 3418; x_wconf 89' lang='lat' dir='ltr'><strong>personam;</strong></span> <span class='ocrx_word' id='word_1_203' title='bbox 838 3335 1064 3400; x_wconf 89' lang='lat' dir='ltr'><strong>notissimum</strong></span> <span class='ocrx_word' id='word_1_204' title='bbox 1090 3355 1245 3420; x_wconf 89' lang='lat' dir='ltr'><strong>namque</strong></span> <span class='ocrx_word' id='word_1_205' title='bbox 1263 3341 1319 3402; x_wconf 90' lang='lat' dir='ltr'><strong>est</strong></span> <span class='ocrx_word' id='word_1_206' title='bbox 1331 3357 1448 3422; x_wconf 77' lang='lat' dir='ltr'><strong>pereo·</strong></span> 
     </span>
     <span class='ocr_line' id='line_1_29' title="bbox 330 3443 1449 3527; baseline 0 -19"><span class='ocrx_word' id='word_1_207' title='bbox 330 3463 411 3508; x_wconf 81' lang='lat' dir='ltr'><strong>nam</strong></span> <span class='ocrx_word' id='word_1_208' title='bbox 444 3446 585 3508; x_wconf 90' lang='lat' dir='ltr'><strong>tantum</strong></span> <span class='ocrx_word' id='word_1_209' title='bbox 604 3459 779 3525; x_wconf 86' lang='lat' dir='ltr'><strong>capacem</strong></span> <span class='ocrx_word' id='word_1_210' title='bbox 796 3445 832 3507; x_wconf 90' lang='lat' dir='ltr'><strong>et</strong></span> <span class='ocrx_word' id='word_1_211' title='bbox 845 3460 925 3508; x_wconf 90' lang='lat' dir='ltr'><strong>osse</strong></span> <span class='ocrx_word' id='word_1_212' title='bbox 939 3445 1108 3526; x_wconf 86' lang='lat' dir='ltr'><strong>etputari</strong></span> <span class='ocrx_word' id='word_1_213' title='bbox 1136 3461 1243 3527; x_wconf 88' lang='lat' dir='ltr'><strong>posse</strong></span> <span class='ocrx_word' id='word_1_214' title='bbox 1267 3443 1449 3508; x_wconf 86' lang='lat' dir='ltr'><strong>moralita-</strong></span> 
     </span>
     <span class='ocr_line' id='line_1_30' title="bbox 330 3549 1451 3634; baseline 0.004 -22"><span class='ocrx_word' id='word_1_215' title='bbox 330 3549 388 3630; x_wconf 88' lang='lat' dir='ltr'><strong>tis,</strong></span> <span class='ocrx_word' id='word_1_216' title='bbox 407 3552 444 3612; x_wconf 92' lang='lat' dir='ltr'><strong>et</strong></span> <span class='ocrx_word' id='word_1_217' title='bbox 461 3549 619 3615; x_wconf 90' lang='lat' dir='ltr'><strong>omnium</strong></span> <span class='ocrx_word' id='word_1_218' title='bbox 636 3550 911 3633; x_wconf 90' lang='lat' dir='ltr'><strong>elementorum,</strong></span> <span class='ocrx_word' id='word_1_219' title='bbox 929 3567 1024 3634; x_wconf 88' lang='lat' dir='ltr'><strong>quae</strong></span> <span class='ocrx_word' id='word_1_220' title='bbox 1036 3550 1252 3616; x_wconf 88' lang='lat' dir='ltr'><strong>moralitatis</strong></span> <span class='ocrx_word' id='word_1_221' title='bbox 1266 3551 1451 3616; x_wconf 88' lang='lat' dir='ltr'><strong>notionem</strong></span> 
     </span>
     <span class='ocr_line' id='line_1_31' title="bbox 331 3655 1449 3741; baseline 0.002 -20"><span class='ocrx_word' id='word_1_222' title='bbox 331 3655 569 3740; x_wconf 87' lang='lat' dir='ltr'><strong>constituunt,</strong></span> <span class='ocrx_word' id='word_1_223' title='bbox 586 3657 701 3722; x_wconf 88' lang='lat' dir='ltr'><strong>veluti</strong></span> <span class='ocrx_word' id='word_1_224' title='bbox 722 3657 815 3739; x_wconf 88' lang='lat' dir='ltr'><strong>jnris</strong></span> <span class='ocrx_word' id='word_1_225' title='bbox 832 3663 870 3722; x_wconf 91' lang='lat' dir='ltr'><strong>et</strong></span> <span class='ocrx_word' id='word_1_226' title='bbox 899 3657 1144 3741; x_wconf 87' lang='lat' dir='ltr'><strong>obligationis,</strong></span> <span class='ocrx_word' id='word_1_227' title='bbox 1177 3658 1297 3724; x_wconf 89' lang='lat' dir='ltr'><strong>meriti</strong></span> <span class='ocrx_word' id='word_1_228' title='bbox 1314 3657 1374 3724; x_wconf 90' lang='lat' dir='ltr'><strong>vel</strong></span> <span class='ocrx_word' id='word_1_229' title='bbox 1390 3657 1449 3723; x_wconf 90' lang='lat' dir='ltr'><strong>de·</strong></span> 
     </span>
     <span class='ocr_line' id='line_1_32' title="bbox 331 3764 1476 3863; baseline 0 -35"><span class='ocrx_word' id='word_1_230' title='bbox 331 3764 461 3844; x_wconf 89' lang='lat' dir='ltr'><strong>meriti,</strong></span> <span class='ocrx_word' id='word_1_231' title='bbox 482 3764 635 3847; x_wconf 91' lang='lat' dir='ltr'><strong>praemii</strong></span> <span class='ocrx_word' id='word_1_232' title='bbox 648 3769 710 3828; x_wconf 85' lang='lat' dir='ltr'><strong>aut</strong></span> <span class='ocrx_word' id='word_1_233' title='bbox 728 3781 882 3848; x_wconf 89' lang='lat' dir='ltr'><strong>poenae,</strong></span> <span class='ocrx_word' id='word_1_234' title='bbox 898 3765 1043 3848; x_wconf 88' lang='lat' dir='ltr'><strong>aliaque</strong></span> <span class='ocrx_word' id='word_1_235' title='bbox 1060 3765 1094 3829; x_wconf 92' lang='lat' dir='ltr'><strong>id</strong></span> <span class='ocrx_word' id='word_1_236' title='bbox 1108 3782 1234 3848; x_wconf 79' lang='lat' dir='ltr'><strong>genus,</strong></span> <span class='ocrx_word' id='word_1_237' title='bbox 1471 3847 1476 3863; x_wconf 35' lang='lat'>⁸</span> 
     </span>
    </p>

    <p class='ocr_par' dir='ltr' id='par_1_11' title="bbox 329 3869 1451 4172">
     <span class='ocr_line' id='line_1_33' title="bbox 396 3869 1451 3960; baseline 0.002 -27"><span class='ocrx_word' id='word_1_238' title='bbox 396 3870 430 3933; x_wconf 87' lang='lat'><strong>3.</strong></span> <span class='ocrx_word' id='word_1_239' title='bbox 450 3869 836 3954; x_wconf 86' lang='lat' dir='ltr'><strong>Personasumipotest</strong></span> <span class='ocrx_word' id='word_1_240' title='bbox 844 3873 1071 3959; x_wconf 76' lang='lat' dir='ltr'><strong>metaphysica</strong></span> <span class='ocrx_word' id='word_1_241' title='bbox 1079 3877 1116 3936; x_wconf 87' lang='lat' dir='ltr'><strong>et</strong></span> <span class='ocrx_word' id='word_1_242' title='bbox 1115 3873 1451 3960; x_wconf 72' lang='lat' dir='ltr'><strong>juridica-persona</strong></span> 
     </span>
     <span class='ocr_line' id='line_1_34' title="bbox 331 3977 1449 4064; baseline 0.003 -22"><span class='ocrx_word' id='word_1_243' title='bbox 331 3977 564 4062; x_wconf 79' lang='lat' dir='ltr'><strong>arctophysica</strong></span> <span class='ocrx_word' id='word_1_244' title='bbox 577 3981 644 4042; x_wconf 88' lang='lat' dir='ltr'><strong>est:</strong></span> <span class='ocrx_word' id='word_1_245' title='bbox 660 3980 847 4045; x_wconf 80' lang='lat' dir='ltr'><strong>rationalia</strong></span> <span class='ocrx_word' id='word_1_246' title='bbox 870 3987 1017 4046; x_wconf 81' lang='lat' dir='ltr'><strong>naturae</strong></span> <span class='ocrx_word' id='word_1_247' title='bbox 1045 3980 1229 4046; x_wconf 77' lang='lat' dir='ltr'><strong>indiuidua</strong></span> <span class='ocrx_word' id='word_1_248' title='bbox 1241 3981 1449 4064; x_wconf 80' lang='lat' dir='ltr'><strong>substantia,</strong></span> 
     </span>
     <span class='ocr_line' id='line_1_35' title="bbox 329 4085 1448 4172; baseline 0.004 -22"><span class='ocrx_word' id='word_1_249' title='bbox 329 4085 399 4151; x_wconf 90' lang='lat' dir='ltr'><strong>hoc</strong></span> <span class='ocrx_word' id='word_1_250' title='bbox 415 4090 483 4168; x_wconf 90' lang='lat' dir='ltr'><strong>est,</strong></span> <span class='ocrx_word' id='word_1_251' title='bbox 499 4091 606 4169; x_wconf 91' lang='lat' dir='ltr'><strong>prout</strong></span> <span class='ocrx_word' id='word_1_252' title='bbox 619 4087 722 4170; x_wconf 91' lang='lat' dir='ltr'><strong>ajunt</strong></span> <span class='ocrx_word' id='word_1_253' title='bbox 734 4087 953 4172; x_wconf 92' lang='lat' dir='ltr'><strong>philosophi,</strong></span> <span class='ocrx_word' id='word_1_254' title='bbox 968 4088 1125 4170; x_wconf 89' lang='lat' dir='ltr'><strong>suijuris</strong></span> <span class='ocrx_word' id='word_1_255' title='bbox 1138 4092 1175 4154; x_wconf 92' lang='lat' dir='ltr'><strong>et</strong></span> <span class='ocrx_word' id='word_1_256' title='bbox 1192 4089 1300 4154; x_wconf 86' lang='lat' dir='ltr'><strong>alteri</strong></span> <span class='ocrx_word' id='word_1_257' title='bbox 1315 4090 1448 4154; x_wconf 86' lang='lat' dir='ltr'><strong>iucom-</strong></span> 
     </span>
    </p>
   </div>
   <div class='ocr_carea' id='block_1_10' title="bbox 333 4235 480 4244">
    <p class='ocr_par' dir='ltr' id='par_1_12' title="bbox 333 4235 480 4244">
     <span class='ocr_line' id='line_1_36' title="bbox 333 4235 480 4244; baseline 0 0"><span class='ocrx_word' id='word_1_258' title='bbox 333 4235 480 4244; x_wconf 57' lang='lat' dir='ltr'>m---nv-</span> 
     </span>
    </p>
   </div>
   <div class='ocr_carea' id='block_1_11' title="bbox 402 4327 865 4396">
    <p class='ocr_par' dir='ltr' id='par_1_13' title="bbox 402 4327 865 4396">
     <span class='ocr_line' id='line_1_37' title="bbox 402 4327 865 4396; baseline -0.002 -16"><span class='ocrx_word' id='word_1_259' title='bbox 402 4327 442 4396; x_wconf 90' lang='lat' dir='ltr'><strong>(l)</strong></span> <span class='ocrx_word' id='word_1_260' title='bbox 479 4331 519 4380; x_wconf 69' lang='lat' dir='ltr'><strong>a*</strong></span> <span class='ocrx_word' id='word_1_261' title='bbox 533 4331 585 4381; x_wconf 65' lang='lat'><strong>2⁸⁰</strong></span> <span class='ocrx_word' id='word_1_262' title='bbox 598 4333 710 4394; x_wconf 81' lang='lat' dir='ltr'><strong>quaest.</strong></span> <span class='ocrx_word' id='word_1_263' title='bbox 725 4329 768 4382; x_wconf 78' lang='grc'><strong>89.</strong></span> <span class='ocrx_word' id='word_1_264' title='bbox 781 4343 806 4381; x_wconf 92' lang='lat' dir='ltr'><strong>a.</strong></span> <span class='ocrx_word' id='word_1_265' title='bbox 818 4343 865 4380; x_wconf 87' lang='lat' dir='ltr'><strong>un.</strong></span> 
     </span>
    </p>
   </div>
   <div class='ocr_carea' id='block_1_12' title="bbox 0 0 1572 4988">
    <p class='ocr_par' dir='ltr' id='par_1_14' title="bbox 0 0 1572 4988">
     <span class='ocr_line' id='line_1_38' title="bbox 0 0 1572 4988; baseline 0 0"><span class='ocrx_word' id='word_1_266' title='bbox 0 0 1572 4988; x_wconf 95' lang='lat' dir='ltr'><strong> </strong></span> 
     </span>
    </p>
   </div>
  </div>
 </body>
</html>
