3146 4980
756 379 933 440 -434-

285 527 519 602 venerantum
533 522 587 586 4.⁰
606 523 641 588 in
658 523 740 606 ipsa
752 523 886 606 agendi
905 523 1047 588 ratione
1080 524 1349 590 haereticorum
1368 543 1423 590 ac

286 631 613 709 schismaticorum,
635 631 708 712 qui,
728 639 766 694 ut
784 630 951 712 proprios
969 646 1115 695 errores
1148 637 1211 696 aut
1238 632 1423 698 deiectio-

285 755 367 802 nem
382 736 680 816 cobonestarent,
691 735 807 800 donec
820 754 905 818 spes
920 736 1043 818 aliqua
1057 736 1129 800 illis
1143 737 1421 802 affulsitvitan-

286 843 321 908 di
337 843 571 928 promeritam
606 841 886 923 damnationem,
916 860 988 907 non
1017 843 1228 907 dubitarunt
1259 843 1420 910 Romam

286 952 496 1032 coningere,
529 949 678 1013 Romam
706 965 746 1013 se
777 949 957 1028 conferre,
992 950 1100 1012 immo
1133 967 1222 1014 vero
1252 949 1421 1016 Sanctae

285 1055 387 1122 Sedis
418 1055 674 1122 auctoritatem
702 1055 894 1136 extollere,
926 1055 1029 1135 cnjus
1053 1056 1265 1120 assertionis
1294 1057 1420 1122 vades

286 1162 412 1227 damus
453 1159 665 1243 Cerdonem,
706 1160 953 1242 Valentinum,
992 1160 1235 1243 Marcionem,
1285 1161 1420 1228 Coele-

285 1269 405 1350 stium,
435 1267 654 1344 Nestorium,
671 1267 923 1356 'Eutycbetem
945 1267 1132 1349 Pelagium
1149 1274 1187 1332 et
1202 1270 1420 1335 novissimis

285 1375 509 1458 temporibus
540 1375 768 1454 Jansenium,
802 1371 1049 1454 Quesnellum,
1084 1381 1322 1458 caeterosque
1346 1377 1419 1441 hu·

282 1481 341 1564 jus
354 1488 477 1546 sectae
501 1481 675 1560 asseclas;
693 1479 745 1545 5.⁰
764 1481 801 1544 in
830 1487 961 1563 aperta
993 1481 1222 1546 confessione
1247 1484 1418 1564 ipsorum

284 1589 566 1670 protestantium
605 1587 766 1669 Lutheri,
808 1585 965 1669 Caluini,
1008 1587 1311 1671 Melanchthonis,
1343 1589 1416 1655 Oa-

285 1695 439 1758 sauboni
500 1695 726 1776 aliorumque
774 1694 951 1776 plurium;
994 1711 1136 1758 necnon
1184 1693 1417 1762 Graecorum

285 1802 617 1884 Schismaticorum,
637 1802 933 1884 anglicanorum,
954 1807 990 1865 et
1016 1802 1224 1883 Russorum,
1253 1803 1303 1866 uti
1336 1821 1417 1867 rna·

288 1927 361 1990 gna
379 1908 667 1972 testimoniorum
693 1909 800 1990 copia
825 1909 1062 1974 ostenderunt
1088 1910 1310 1974 clarissimus
1344 1907 1414 1974 Oo-

285 2033 360 2082 mes
378 2015 423 2079 de
440 2015 590 2080 Maistre
603 2015 651 2100 (l)
665 2025 701 2080 et
716 2015 979 2080 eruditissimus
996 2015 1167 2098 Eslinger
1181 2017 1242 2099 (2).

374 2121 484 2187 Recte
500 2123 610 2204 igitur
624 2139 788 2186 asserere
803 2140 991 2204 possumus
1006 2123 1144 2186 nullum
1159 2122 1257 2187 aliud
1270 2123 1414 2188 iactum

285 2245 365 2292 esse
383 2229 497 2311 magis
524 2236 754 2312 perspectum
789 2236 899 2312 atque
928 2227 1159 2312 exploratum
1191 2229 1319 2311 quovis
1353 2231 1413 2294 rei

285 2334 507 2399 christianae
523 2335 670 2398 sacculo
689 2351 796 2417 quarn
813 2335 1021 2398 universale
1035 2340 1072 2398 et
1101 2339 1272 2398 constans
1302 2350 1409 2399 exer-

285 2441 407 2505 citium
427 2441 619 2521 potestatis
637 2458 829 2518 supremae
858 2441 1000 2506 ratione
1028 2440 1209 2505 Primatus
1238 2439 1411 2506 Romanis

284 2545 519 2610 Pontificibus
536 2547 787 2628 competentis,
803 2564 884 2610 cum
915 2565 979 2627 pro
1009 2547 1087 2629 ipso
1117 2548 1411 2613 constabiliendo

284 2652 435 2717 mirifice
460 2653 671 2734 conspirant
695 2659 800 2734 gesta
825 2651 1050 2717 Summorum
1074 2653 1300 2736 Pontificum,
1318 2653 1410 2717 San·

285 2769 425 2826 ciorum
442 2761 589 2826 Patrum
607 2763 733 2842 effata,
753 2762 878 2844 praxis
907 2761 1182 2844 Episcoporum,
1203 2763 1335 2845 agendi
1352 2781 1413 2826 ra-

285 2869 335 2930 tio
354 2867 621 2934 haereticorum
651 2873 760 2950 atque
784 2869 1109 2950 schismaticorum,
1129 2871 1288 2952 ingenua
1305 2871 1412 2934 dissi·

285 2973 445 3038 dentium
463 2977 657 3055 confessio,
677 2981 761 3038 acta
778 2975 1014 3039 conciliorum
1040 2975 1355 3040 oecumenicorum
1371 2983 1414 3040 et

285 3098 409 3143 omnes
426 3081 523 3161 fasti,
544 3081 695 3144 annales
712 3087 750 3144 et
765 3081 940 3144 historiae
959 3081 1159 3146 Ecclesiae.

373 3185 425 3250 3.⁰
471 3186 729 3252 Ecclesiasticia
765 3188 1041 3272 Definitionibus.
1074 3187 1221 3252 Missam
1252 3188 1412 3253 iacimus

283 3291 447 3356 hocloco
465 3291 715 3356 Florentinam
733 3292 979 3357 definitionem
997 3294 1097 3357 circa
1111 3293 1264 3358 Romani
1286 3294 1410 3358 Ponti-

283 3397 362 3460 iicis
376 3377 640 3462 successionem
657 3398 694 3461 in
706 3397 746 3462 Β.
763 3397 859 3462 Petri
874 3398 1084 3476 Primatum,
1100 3400 1186 3482 quia
1199 3400 1412 3482 nuperrime

284 3503 482 3584 attulimus;
501 3506 591 3568 satis
619 3505 729 3585 igitur
758 3505 828 3568 erit
856 3522 921 3586 pro
951 3508 1198 3588 perpetuitate
1225 3506 1411 3571 Primatus

283 3609 381 3674 Petri
405 3612 441 3674 in
459 3611 629 3676 Romanis
654 3610 888 3676 Pontificibus
918 3612 1123 3694 dogmatice
1152 3613 1351 3678 asserenda
1368 3625 1413 3682 et

283 3716 505 3783 vindicanda
532 3721 742 3800 sequentem
774 3716 926 3783 Ooncilii
956 3719 1125 3784 Vaticani
1157 3739 1334 3786 canonem
1367 3722 1413 3787 in

283 3825 495 3888 memoriam
523 3841 713 3890 revocare:
746 3825 785 3890 si
813 3827 890 3909 pais
917 3847 995 3912 erpo
1020 3828 1152 3894 dicerit
1179 3849 1248 3894 non
1274 3849 1345 3894 ease
1362 3850 1414 3896 ec,-

283 4003 441 4018 —nu-ae—

353 4130 390 4194 (1)
424 4127 637 4200 DaPape,elc.

284 4273 335 4326 m·
350 4199 556 4336 gipedpclopic
581 4203 612 4256 de
634 4202 662 4256 lo
675 4201 954 4272 reliqimcolboliqae
968 4221 1025 4273 par
1047 4206 1093 4261 dec
1113 4210 1227 4264 auteurs
1246 4212 1414 4278 prolatam
