3024 4994
785 411 962 472 -att—

314 553 569 638 prohibitione,
587 555 689 638 cujus
705 573 817 639 supra
833 555 1072 638 meminimus,
1105 557 1143 620 in
1170 553 1333 620 Concilio
1365 555 1426 620 Ro·

313 679 420 728 mano
433 663 478 728 48
494 661 756 745 Episcopcrum
771 681 866 728 anno
878 663 942 727 461
961 661 1071 744 edita,
1085 683 1126 728 ac
1144 665 1220 748 quir
1235 661 1425 748 Episcopus

312 769 379 834 cibi
395 770 533 856 eliceret
548 789 788 850 cucccooorem3
808 769 951 835 silentio
969 770 1079 834 etiam
1096 769 1308 846 praeteritis
1326 770 1427 850 pluri-

314 875 381 940 mis
408 875 608 941 canonibus
625 875 671 940 ab
701 876 942 942 eruditissimo
970 875 1119 958 Pirlting
1151 875 1199 960 (1)
1233 881 1428 960 opportune

314 983 436 1048 allatis
450 987 559 1066 atque
573 983 663 1048 scite
676 982 878 1065 illustratio,
899 982 1003 1048 adest
1020 984 1055 1048 in
1074 982 1252 1048 hodierna
1279 983 1428 1064 discipli-

313 1107 361 1154 na
378 1087 563 1154 decretum
579 1088 633 1154 Pii
650 1089 712 1172 IV,
727 1107 797 1173 quo
811 1091 989 1156 sancitum
1004 1094 1059 1154 ost
1072 1089 1298 1170 Pontificem,
1312 1086 1430 1153 Cardi-

313 1195 457 1262 nalibus
470 1215 612 1281 quoque
629 1198 951 1280 consentientibus,
970 1215 1041 1263 non
1060 1213 1167 1280 posse
1181 1195 1429 1262 successorem

313 1303 382 1368 sibi
395 1304 531 1387 eligere
548 1306 608 1388 (2);
626 1308 650 1386 ⁰)
660 1307 829 1394 juridica
854 1309 929 1370 tum
960 1305 1046 1388 quia
1075 1321 1247 1386 suprema
1275 1309 1430 1386 potestas

313 1409 350 1474 in
368 1409 534 1476 Ecclesia
549 1429 621 1476 non
635 1416 691 1476 est
706 1411 965 1494 haereditaria,
985 1417 1021 1476 et
1044 1411 1250 1493 hujusmodi
1277 1409 1430 1477 evadere

314 1527 448 1600 posset,
466 1519 497 1584 si
510 1517 676 1584 Pontifici
688 1521 744 1584 las
762 1525 859 1584 esset
871 1519 939 1584 sibi
955 1519 1210 1584 successorem
1228 1517 1428 1600 designare

313 1629 387 1690 tum
401 1625 512 1690 etiam
525 1626 610 1709 quia
623 1625 787 1692 Summus
803 1626 985 1708 Pontifex,
1017 1642 1188 1708 suprema
1218 1625 1431 1690 auctoritato

313 1731 428 1814 pollet
441 1750 507 1815 pro
517 1733 679 1816 regenda
689 1732 867 1816 Ecclesia,
884 1733 999 1798 donec
1013 1733 1092 1815 ipse
1102 1736 1158 1797 est
1169 1731 1351 1811 Pontifex;
1360 1731 1431 1812 jam

313 1855 415 1921 vero,
435 1838 565 1904 electio
581 1837 808 1905 Successoris
826 1838 872 1904 ad
891 1840 1055 1922 regimen
1069 1838 1259 1904 Ecclesiae
1273 1855 1347 1902 non
1358 1853 1430 1918 spe-

315 1949 401 2027 ctat,
414 1945 478 2011 sed
491 1951 661 2013 versatur
679 1947 778 2013 circa
792 1947 1039 2029 provisionem
1065 1946 1125 2012 vel
1151 1946 1432 2010 nominationem

313 2053 469 2120 Rectoris
483 2071 548 2136 pro
562 2071 605 2120 eo
619 2061 795 2138 tempore,
811 2073 881 2138 quo
893 2053 1062 2119 Pontifex
1076 2053 1274 2136 designans
1285 2053 1432 2119 nouerit

313 2159 468 2242 amplius
485 2159 602 2244 Caput
617 2161 805 2228 Ecclesiae
823 2166 859 2228 et
877 2161 1010 2228 Christi
1026 2161 1207 2244 Vioarius3
1233 2161 1431 2242 enimvero,

313 2273 453 2334 mortuo
470 2267 631 2335 Romano
648 2269 835 2352 Pontiiioe,
850 2270 1056 2336 sollicitudo
1070 2270 1260 2336 Ecclesiae
1274 2272 1429 2352 pertine·

313 2391 353 2440 re
369 2375 493 2458 nequit
510 2375 557 2440 ad
574 2393 665 2459 eum,
692 2375 752 2459 qui
764 2376 840 2457 J'am
858 2395 878 2440 e
896 2377 973 2442 vita
992 2377 1177 2460 migravit,
1192 2375 1257 2442 sed
1271 2393 1431 2442 neccssa-

313 2483 368 2546 rie
384 2482 430 2548 ad
446 2483 656 2548 inferiorem
691 2482 843 2566 gradum
877 2483 1099 2568 devolvitur,
1129 2487 1168 2551 ut
1202 2484 1300 2567 apud
1333 2485 1432 2550 vivos

313 2593 350 2652 et
365 2607 387 2653 a
404 2589 500 2654 vivis
513 2590 679 2654 exerceri
691 2589 829 2655 valeat.
1510 2653 1511 2680 2

406 2695 481 2760 164.
531 2695 737 2762 Constituto
753 2699 790 2760 et
803 2696 992 2761 vindicata
1011 2697 1233 2762 necessitate
1246 2695 1431 2762 electionis

313 2819 380 2882 pro
397 2801 623 2884 adquirenda
649 2802 908 2869 iurisdictione
925 2803 1116 2870 Pontificio
1148 2808 1184 2869 ot
1212 2801 1431 2887 Episcopali,

315 2907 509 2974 videndum
527 2914 706 2992 superest,
723 2911 868 2993 quinam
880 2911 963 2992 jure
976 2911 1022 2975 nd
1041 2917 1233 2994 utrumque
1245 2910 1431 2976 institutio·

314 3013 370 3078 nis
387 3013 535 3080 divinae
547 3015 699 3098 gradum
718 3017 875 3097 eligendi
893 3019 929 3082 in
944 3017 1110 3083 Ecclesia
1123 3019 1325 3102 potiantur.

405 3119 532 3200 Quoad
549 3123 743 3189 electionem
762 3123 990 3210 Pontificiom,
1026 3143 1140 3208 usque
1172 3125 1219 3190 ad
1251 3126 1432 3190 saeculum
1509 3175 1510 3186 ,

315 3223 386 3290 XII
400 3227 459 3307 jus
472 3228 629 3310 eligendi
647 3228 773 3294 habuit
788 3227 909 3296 Oleros
925 3231 1103 3297 Romanus
1117 3249 1197 3298 oum
1211 3233 1431 3315 praesentia,
1509 3223 1510 3274 ὲ

315 3332 521 3399 testimonio
540 3338 709 3421 otpopuli
723 3337 1001 3419 acclamatione;
1020 3357 1043 3402 a
1060 3339 1208 3404 saeculo
1222 3338 1293 3404 XII
1315 3357 1362 3404 ex
1380 3338 1433 3402 do·

315 3443 416 3505 creto
433 3439 575 3506 Nicolai
591 3441 627 3507 II
644 3442 781 3524 hocius
794 3446 1004 3528 praesertim
1019 3443 1180 3511 delatum
1198 3450 1254 3512 est
1269 3444 1432 3514 Cardian-

384 3752 420 3814 (1)
458 3752 511 3804 Tit
531 3750 562 3804 dc
576 3748 722 3812 Electioue,
736 3759 838 3806 secti.

385 3825 426 3888 (2)
463 3821 504 3874 En
517 3823 604 3876 verba
617 3839 653 3875 ex
667 3825 738 3877 actis
751 3827 996 3880 consistorialibus
1010 3829 1049 3880 Pii
1060 3829 1103 3882 1v
1117 3829 1270 3898 desumpta
1283 3832 1312 3882 et
1334 3846 1352 3882 a
1373 3828 1435 3894 Rey·

314 3891 400 3944 naldo
414 3893 501 3945 relata
513 3909 588 3946 anno
601 3897 677 3946 loti:
693 3896 850 3949 «Sanctitas
861 3913 912 3948 sua
926 3899 1081 3952 declararit
1104 3905 1190 3966 atque
1212 3903 1341 3954 decrerit
1365 3899 1434 3966 quod

315 3961 461 4014 Romanus
475 3965 606 4017 Pontifex
621 3981 676 4017 non
692 3969 782 4032 possit
795 3968 850 4020 sibi
864 3969 968 4036 eligere
980 3971 1190 4038 Successorem,
1215 3987 1269 4026 nec
1288 3973 1434 4025 edecimare

315 4029 516 4095 Ooadjutorem
528 4051 590 4086 oum
605 4035 700 4088 futura
713 4039 901 4106 successione,
915 4043 1000 4093 etiam
1027 4043 1063 4093 de
1087 4057 1231 4096 consensu
1258 4045 1385 4096 omnium
1409 4047 1434 4094 et

313 4103 487 4166 singulorum
503 4103 704 4172 cardinalium,
718 4109 769 4160 sed
793 4112 893 4162 electio
907 4118 1017 4179 spectet
1030 4114 1067 4164 ad
1078 4112 1247 4168 Cardinaleo
1260 4115 1358 4180 libere,
1372 4130 1431 4166 cum

315 4171 428 4224 decreto
442 4174 593 4228 irritante›.
609 4179 650 4230 De
664 4178 919 4234 haccontrouersia
933 4185 999 4237 vide
1020 4185 1205 4238 doctissimas
1223 4186 1435 4240 obseruationes

316 4239 449 4365 ¹Il‘gpgpffii
464 4245 589 4312 Fognnni
603 4247 632 4300 in
646 4249 661 4300 2
675 4253 747 4316 part.
763 4253 845 4317 primi
860 4253 999 4308 Decrelal.
1012 4272 1072 4323 cap.
1098 4255 1260 4324 Accepimus
1284 4259 1321 4311 dc
1337 4257 1434 4325 pactis,
1507 4277 1508 4290 ¹
