3024 4994
803 363 980 422 -194-

329 530 368 575 re
386 509 537 595 proprio
553 509 600 574 ad
616 527 671 574 res
703 508 907 594 spirituales
935 521 1133 574 exhaurias
1163 529 1224 574 eea
1254 523 1443 576 vlsrnrnas.

331 616 523 682 Probatur:
542 614 605 698 1.⁰,
625 615 710 698 quia
728 615 896 680 doctrina
914 633 1069 681 erronea
1100 615 1382 682 Protestantium
1398 619 1445 680 at-

332 741 401 808 que
417 723 439 790 J
442 723 722 788 ansenianorum
739 723 800 807 qui
818 724 1002 810 ripidioree
1017 729 1206 807 vocantur,
1222 725 1357 808 triplici
1374 726 1444 790 iun-

332 830 531 897 damentali
548 829 709 912 dogmati
726 830 836 914 plane
856 831 1079 915 refragatur,
1095 849 1238 915 nempe,
1257 831 1445 897 Visibilita·

332 940 370 1022 ti,
397 937 707 1020 Independentiae
733 943 769 1002 et
797 937 1040 1004 Hierarchiae
1069 937 1271 1022 Ecclesiam
1296 938 1346 1005 2.⁰
1368 941 1445 1022 qnia

333 1044 491 1111 absurda
504 1043 799 1110 adversariorum
812 1043 1006 1128 hypothesi
1020 1046 1133 1111 semel
1143 1045 1315 1128 admissa,
1329 1063 1444 1130 seque·

332 1155 433 1218 retur
446 1151 563 1235 logice
580 1155 766 1234 tamquam
795 1151 996 1234 legitimum
1029 1153 1295 1218 consectarium
1309 1154 1445 1235 jactura

333 1259 395 1324 vel
410 1259 533 1323 totalis
551 1258 694 1324 eversio
713 1258 876 1340 unitatis,
896 1259 1049 1339 formae,
1069 1259 1368 1344 organizatiania,
1389 1259 1445 1324 im-

333 1383 391 1432 mo
408 1367 624 1431 existentiae
641 1365 829 1430 societatis
845 1365 1080 1449 christianae,
1115 1368 1253 1451 quippe
1286 1385 1387 1432 omne
1413 1368 1446 1430 in

334 1473 500 1540 Ecclesia
531 1477 720 1538 externum
752 1490 796 1538 ac
827 1472 971 1537 visibile
989 1476 1056 1555 est,
1085 1473 1195 1538 etiam
1222 1474 1343 1556 gratia
1372 1491 1444 1537 san-

335 1581 512 1662 ctificans,
532 1597 626 1663 qnae
639 1578 805 1662 equidem
823 1580 984 1645 exterior
999 1581 1038 1646 tit
1051 1599 1117 1664 per
1129 1586 1370 1663 sacramenta,
1384 1581 1445 1644 hoc

335 1691 402 1770 est,
422 1705 487 1771 per
504 1688 610 1770 signa
627 1687 826 1769 sensibilia;
841 1685 894 1751 3.⁰
912 1688 998 1770 quia
1011 1687 1188 1770 ejusmodi
1215 1691 1445 1753 commentum

335 1793 1444 1877 saepiusdamnatumluitquamplurimisdocumentisauthen·

336 1901 430 1982 tieis,
444 1901 481 1964 in
497 1899 626 1983 quibus
643 1901 782 1982 rejecta
800 1907 836 1965 et
852 1917 1001 1983 prorsus
1035 1901 1344 1967 anathematizata
1359 1918 1445 1966 com·

336 2007 475 2092 peritur
486 2007 667 2072 distinctio
682 2006 907 2092 D'mciplinae
920 2009 957 2074 in
970 2010 1144 2074 internam
1158 2014 1267 2092 atque
1280 2017 1445 2075 aeternam

336 2133 444 2180 sensu
466 2114 683 2197 janseniano
701 2121 858 2197 sumpta,
893 2117 1113 2199 praesertim
1146 2133 1235 2180 vero
1268 2113 1304 2180 in
1335 2113 1444 2180 Const.

335 2221 389 2286 Pii
406 2219 456 2286 VI
472 2219 654 2287 Auctorem
668 2221 751 2308 fidei
769 2225 805 2285 et
823 2222 1074 2305 propositione
1088 2221 1172 2287 XLI
1184 2221 1336 2305 Syllabi,
1360 2239 1445 2304 quae

336 2329 476 2412 incipit:
494 2326 621 2392 “Civili
640 2330 813 2411 potestati
830 2329 889 2393 vel
907 2329 953 2394 ab
971 2327 1108 2394 infideli
1124 2329 1327 2412 imperante
1353 2345 1444 2392 exer·

337 2435 433 2500 citae
450 2435 622 2516 competit
635 2438 798 2518 potestas
816 2435 996 2500 indirecta
1012 2436 1189 2518 negativa
1205 2435 1243 2500 in
1259 2453 1395 2520 sacra,

426 2541 564 2624 Regula
581 2543 647 2606 23:
662 2543 819 2609 Potestas
832 2543 1008 2608 Ecclesiae
1025 2543 1204 2608 ecclaesiae
1234 2542 1444 2628 competentia

337 2671 408 2716 rese
421 2651 573 2735 percipit
590 2649 637 2714 ad
653 2669 708 2714 res
725 2650 860 2715 ordi-ais
892 2649 1077 2733 nataralia,
1093 2729 1096 2737 Ι
1110 2651 1240 2735 quoties
1272 2662 1443 2715 suranna·

338 2759 695 2824 ruasnrzerensiat.
713 2755 904 2821 Probatur:
926 2756 976 2820 1.⁰
994 2757 1150 2839 ratione;
1177 2757 1309 2822 etenim
1337 2753 1446 2820 omnia

339 2881 432 2949 qnae
461 2880 506 2928 ex
525 2863 651 2928 ordine
669 2863 828 2926 naturali
843 2861 889 2925 ad
906 2864 1220 2946 supernaturalem
1255 2865 1443 2942 transeunt,

338 2974 418 3038 sive
435 2975 506 3055 per'
518 2971 762 3036 elevationem
781 2970 826 3034 ad
845 2970 1057 3052 dignitatem
1072 2971 1317 3037 sublimiorem
1334 2975 1368 3035 et
1392 2987 1444 3033 no-

339 3078 566 3143 billissimam
593 3077 799 3160 sphaeram,
814 3078 892 3142 sive
911 3095 976 3161 per
994 3077 1169 3143 directam
1201 3078 1248 3142 ad
1280 3079 1382 3143 tinem
1397 3093 1443 3139 su·

340 3188 612 3268 pernaturalem
627 3185 855 3266 relationem,
873 3185 1007 3250 limites
1020 3184 1338 3268 transgrediuntur
1351 3183 1444 3266 juris·

254 3357 262 3376 ,
340 3293 507 3359 dictionis
524 3293 732 3376 Principum
749 3296 785 3357 et
803 3292 1046 3356 saecularium
1069 3291 1356 3374 Magistratuum,
1373 3305 1445 3374 quo·

340 3419 418 3468 rum
434 3402 519 3485 jura
537 3405 572 3464 et
590 3400 786 3465 facultates
803 3400 900 3464 intra
918 3399 1072 3464 orbitam
1106 3415 1204 3464 mere
1224 3397 1445 3481 temporalem

340 3511 585 3584 continentum
605 3507 657 3572 2.⁰
692 3513 904 3590 argumento
936 3509 1177 3591 auctoritatis3
1198 3508 1379 3588 videlieet,
1409 3521 1445 3569 ex

341 3615 643 3683 condemnatione
657 3615 916 3698 propositionis
931 3615 1046 3681 XLIV
1059 3615 1199 3699 Syllabi
1213 3615 1264 3680 ita
1277 3633 1316 3681 se
1328 3615 1446 3680 haben·

341 3726 398 3790 tie:
418 3723 565 3790 “Civilis
580 3723 781 3787 auctoritas
805 3727 925 3806 potest
951 3741 990 3788 se
1007 3723 1212 3788 immiscere
1244 3723 1351 3788 rebus
1367 3735 1446 3805 quae

343 3830 388 3896 ad
404 3829 631 3912 religionem,
651 3847 770 3894 ruorea
789 3833 826 3894 et
842 3830 1004 3912 regimen
1021 3828 1211 3911 spirituale
1241 3828 1443 3912 pertinent,

430 3935 512 4000 Una
530 3940 669 4000 tantum
688 3935 888 4001 admittitur
905 3936 1010 4019 hujus
1028 3936 1177 4018 regulae
1213 3935 1390 4018 exceptio,
1407 3929 1446 3994 ni·

344 4043 486 4124 mirum,
504 4043 534 4106 si
551 4061 610 4108 res
624 4043 1001 4126 supernaturalizatae
1016 4043 1170 4107 allectus
1188 4042 1349 4107 habeant
1363 4059 1445 4124 sepa·

341 4149 471 4216 rabiies
488 4149 534 4213 ab
552 4151 632 4232 ipsa
650 4151 854 4216 substantia
873 4151 932 4216 vel
950 4150 1108 4216 essentia
1125 4149 1188 4232 rei,
1209 4151 1262 4214 uti
1287 4147 1404 4214 evenit
1417 4145 1445 4208 in

342 4259 578 4326 Sacramenta
596 4257 827 4342 Matrimonii;
846 4264 932 4326 tunc
950 4262 1113 4343 potestas
1131 4257 1250 4328 civilis
1264 4258 1363 4341 leges
1378 4253 1445 4320 ede·
