3024 4994
805 421 979 480 -236-

419 564 549 631 Promis
580 563 833 652 Apostolorum.
866 565 951 631 Tria
985 567 1084 632 iacta
1115 568 1325 651 sileremus,
1355 589 1439 652 quac

330 669 438 752 plane
454 673 627 739 evincunt
659 673 859 756 Episcopus
877 673 912 737 in
945 672 1134 739 Ecclesiae
1161 675 1378 758 primordiis,
1402 695 1442 742 eo

330 776 408 858 ipso
426 778 520 860 quod
536 797 610 844 non
631 780 703 844 sint
721 777 927 844 immediate
946 780 1045 845 missi
1077 798 1100 845 a
1129 779 1296 864 Domino,
1317 785 1442 847 missio-

329 901 410 949 nem
440 886 485 950 ab
503 885 686 969 Apostolis
716 885 914 968 accepisse,
951 903 996 951 ac
1027 887 1179 970 proinde
1208 889 1443 971 apostolatum

328 991 557 1057 nullomodo
589 992 864 1057 connaturalem
880 997 944 1057 aut
975 993 1212 1058 essentialem
1242 995 1353 1062 inisse
1379 995 1445 1080 ipsi

329 1099 568 1180 episcopatui:
589 1100 640 1163 1.⁰
666 1103 810 1164 constat
839 1098 1035 1182 Apostolos
1053 1098 1228 1182 quosdam
1257 1103 1444 1186 sumpsisse

329 1203 528 1288 Episcopus
545 1205 581 1270 in
597 1205 653 1270 sui
686 1203 943 1287 coadjutores,
972 1223 1061 1289 quos
1078 1224 1200 1272 secum
1219 1208 1395 1274 ducebant
1407 1209 1444 1273 in

328 1311 402 1376 suis
419 1311 786 1394 peregrinationibus;
805 1311 857 1377 ita
874 1313 968 1377 enirn
988 1311 1032 1376 D.
1048 1311 1181 1379 Paulus
1211 1313 1443 1398 Timotheum,

329 1417 461 1500 Titum,
495 1417 625 1500 Apollo
658 1418 823 1502 aliosque
852 1417 1028 1484 adhibuit:
1047 1421 1101 1484 2.⁰
1116 1423 1254 1486 certum
1274 1419 1380 1487 etiam
1394 1426 1447 1486 est

330 1524 502 1607 quosdam
516 1522 716 1608 Episcopus
731 1526 777 1590 ab
790 1524 976 1609 Apostolis
990 1527 1118 1591 missos
1128 1526 1239 1592 luisse
1256 1529 1302 1594 ad
1312 1528 1444 1611 praedi·

329 1631 484 1696 candum
501 1631 681 1714 gentibus,
702 1631 753 1696 uti
788 1631 822 1696 S.
857 1631 1065 1715 Apollinar,
1094 1631 1131 1697 S.
1149 1633 1346 1718 Maternus,
1364 1634 1445 1700 San-

330 1739 480 1803 ctissimi
497 1738 573 1803 Viri
589 1739 802 1821 Apostolici,
819 1757 908 1822 quos
926 1737 1097 1806 Ecclesia
1111 1741 1312 1825 Hispanica
1328 1743 1363 1806 in
1377 1761 1445 1806 rna-

329 1845 426 1910 ximo
459 1845 596 1910 honore
626 1855 663 1910 et
696 1847 948 1911 aestimatione
981 1845 1102 1930 habet,
1136 1849 1238 1914 velut
1268 1847 1443 1934 Sglacobi

330 1952 540 2034 discipulos,
569 1952 704 2035 aliique
733 1952 835 2017 multi
852 1953 888 2018 in
918 1952 1083 2019 diversas
1110 1955 1206 2020 orbis
1240 1955 1403 2039 regiones
1426 1973 1447 2018 a

329 2058 369 2124 B.
385 2058 491 2124 Petro
510 2060 620 2123 missi:
636 2061 688 2124 3.⁰
706 2059 939 2142 exploratum
966 2059 1112 2126 tandem
1137 2066 1204 2144 est,
1220 2070 1259 2126 nt
1274 2066 1447 2127 testantur

330 2166 423 2232 Acta
440 2167 657 2249 Apostorum
671 2168 731 2252 (1),
752 2167 923 2232 “Paulum
942 2171 978 2232 ct
998 2168 1206 2234 Barnabam
1234 2185 1447 2253 peragrasse

331 2273 494 2340 Ciliciam
514 2282 551 2340 et
585 2275 676 2339 alias
706 2275 876 2356 regiones
908 2276 1170 2341 constituentes
1199 2277 1446 2359 persingulas

330 2382 499 2446 civitates
517 2383 786 2467 presbyteros„
817 2382 938 2465 idest,
969 2381 1181 2466 Episcopos;
1217 2388 1340 2448 notum
1358 2382 1447 2448 enim

330 2492 386 2552 ost
402 2489 437 2553 in
455 2488 601 2554 Litteris
631 2489 660 2554 N
666 2491 725 2554 ori
744 2489 967 2554 Testamenti
998 2489 1090 2554 haec
1107 2490 1178 2555 duo
1209 2490 1355 2556 nomina
1372 2508 1447 2574 pro·

331 2595 466 2660 misene
483 2597 586 2661 sumi.

418 2702 530 2769 Sucro
561 2703 756 2788 Scriptura.
792 2702 1068 2786 Quamplnrime
1100 2702 1306 2767 testimonia
1324 2701 1447 2766 adduci

330 2818 481 2894 possunt.
498 2811 543 2874 ad
562 2810 821 2876 ostendendum
854 2811 1055 2893 Episcopus
1072 2811 1118 2875 ab
1136 2809 1325 2874 Ecclesiae
1355 2809 1446 2872 incu-

331 2919 462 2982 nabilis
477 2918 659 2982 institutos
674 2918 733 2982 vel
748 2918 874 2982 missos
890 2917 1013 3000 inisse,
1029 2921 1067 2980 ut
1084 2921 1257 3000 regerent
1269 2915 1448 2980 Ecclesiae

328 3025 402 3106 jam
418 3026 633 3089 constitutas
658 3033 694 3089 et
712 3025 985 3107 determinatas,
1005 3042 1076 3089 non
1095 3031 1133 3088 ut
1161 3041 1225 3088 eas
1243 3023 1446 3102 fundarent

332 3133 523 3196 brevitatis
539 3133 658 3212 gratia
679 3131 868 3214 sentientia
900 3131 1094 3194 innuimus:
1126 3131 1241 3217 Hujus
1258 3130 1311 3194 rei
1337 3130 1449 3216 pretio

333 3239 456 3322 reliqui
475 3247 506 3303 te
522 3237 652 3320 Cretae,
672 3247 707 3303 ut
725 3261 765 3304 eo
781 3259 867 3322 quoe
891 3238 1014 3303 desunt
1038 3238 1194 3323 corripos
1212 3243 1242 3302 et
1266 3237 1448 3302 constituos

326 3365 393 3430 per·
416 3358 600 3408 sisennus
617 3346 772 3410 ciuitates
785 3347 1014 3431 presbyteros,
1047 3346 1136 3410 sicui
1163 3351 1195 3408 et
1223 3365 1281 3429 epo
1298 3343 1448 3430 disposui

332 3451 689 3536 tibi(2);-Atteadlte
718 3453 811 3518 uobis
844 3460 875 3517 et
898 3454 1058 3518 aniverso
1085 3452 1181 3536 prepi
1209 3465 1247 3516 ΙΝ
1275 3464 1353 3527 QUO
1385 3461 1448 3514 vos

330 3559 485 3644 Spiritus
502 3557 650 3624 Sanctus
662 3561 781 3644 posuit
813 3561 990 3644 episcopor
1023 3579 1139 3646 repere
1168 3557 1362 3625 Ecclesium
1388 3557 1448 3622 Dei

331 3667 576 3752 (3);-Poscite
593 3667 652 3750 qui
668 3668 704 3731 io
721 3679 829 3730 VOBlS
846 3679 913 3730 nsr
929 3687 1062 3752 propom
1083 3666 1151 3730 Dei
1168 3664 1230 3748 (4).

425 3773 593 3839 Traditio.
614 3773 746 3839 Sensus
762 3773 871 3838 totius
886 3773 1113 3856 antiquitatis
1131 3772 1355 3838 christianae
1372 3788 1446 3855 pra·

334 3949 516 3958 -u-..n-

404 4119 442 4184 (l)
478 4117 733 4184 (spartanis.

404 4191 442 4250 (a)
481 4189 788 4258 Protesilaeam
808 4192 829 4256 Ι,
845 4209 862 4245 r
883 4195 909 4243 5·
949 4185 956 4212 ⁸

404 4263 441 4320 (3)
479 4260 540 4310 Act.
556 4263 651 4326 Apost.
666 4279 726 4328 carp.
738 4263 803 4324 XX,
817 4279 842 4316 v.
858 4266 899 4316 Ti.

402 4332 441 4398 (4)
481 4329 536 4382 Pet.
550 4331 637 4391 Epist.
655 4331 672 4399 l,
686 4349 746 4401 cup.
764 4334 794 4400 Υ,
810 4351 834 4388 v.
850 4341 874 4390 2.
