3030 4990
814 431 990 490 -124-

342 573 438 638 nime
456 574 596 657 pollere
610 591 728 657 neque
736 577 821 662 jare
837 575 1040 642 instituendi
1053 575 1264 662 reiipionem,
1278 573 1452 658 quaejam

342 701 364 744 a
377 679 519 747 Christo
536 683 703 747 instituta
720 688 775 747 est
784 683 867 764 jure
885 682 1052 766 equidem
1069 683 1226 748 maxime
1243 682 1450 766 praevalen·

344 790 382 868 tl,
399 791 582 872 tamquam
598 787 1018 871 Deu,omniumDomino
1029 797 1066 853 et
1077 805 1245 872 supremo
1259 788 1452 872 Legislato·

342 913 395 976 re;
414 899 622 982 nequejare
639 897 831 962 ordinandi
841 899 992 982 positive
1009 898 1162 962 formam
1176 903 1362 961 externam
1376 895 1449 959 reli·

341 1003 458 1085 glanis
477 1021 541 1067 seu
557 1003 693 1069 cultum
722 1003 917 1087 publicum,
937 1004 1023 1086 quia
1050 1004 1180 1069 adsunt
1213 1003 1450 1085 Magistratus,

342 1109 494 1192 scilicet,
515 1109 682 1176 Pontifex
701 1117 738 1176 et
754 1111 926 1194 Episcopi
943 1131 964 1175 a
981 1109 1058 1176 Deo
1086 1111 1224 1193 statuti,
1253 1115 1289 1175 et
1316 1109 1451 1194 quidem

342 1215 519 1298 absolute,
546 1217 833 1300 independentcs
851 1237 872 1283 a
890 1217 1130 1302 Principibus3
1150 1237 1266 1302 neque
1281 1221 1365 1304 jare
1389 1240 1450 1283 rno-

342 1323 490 1388 derandi
506 1343 561 1390 rer
579 1325 772 1411 religiosas,
791 1327 924 1390 etenim
953 1345 975 1390 a
994 1325 1126 1392 Divino
1158 1325 1345 1391 Ecclesiae
1368 1325 1451 1390 Fun-

344 1429 471 1495 datore
495 1432 694 1496 constituta
711 1435 767 1497 est
784 1433 982 1498 auctoritas
1001 1432 1162 1516 propria,
1180 1449 1361 1516 suprema,
1379 1449 1451 1514 per·

341 1541 453 1618 petua
471 1541 507 1602 et
524 1537 740 1621 infallibilis,
759 1539 817 1603 cui
834 1557 936 1622 cura,
955 1539 1106 1604 directio
1124 1543 1234 1622 atque
1262 1538 1394 1604 decisio
1420 1537 1452 1600 in

342 1646 703 1729 negotilsreligionis
721 1647 967 1713 tantummodo
984 1648 1176 1712 commissa
1193 1652 1261 1712 est.

441 1753 496 1818 64.
544 1753 752 1838 Praeterea,
793 1755 968 1838 obligatio
1011 1755 1219 1838 Principum
1261 1752 1453 1819 Ecclesiam

342 1861 467 1927 tuendi
480 1879 523 1926 ac
537 1861 765 1946 protegendi,
781 1880 922 1929 necnon
936 1862 1187 1947 delinquentes
1200 1863 1236 1927 in
1250 1862 1452 1944 religionem

342 1969 527 2052 puniendi,
546 1971 672 2052 poenis
697 1971 807 2035 etiam
834 1971 1095 2055 temporalibus
1128 1969 1313 2048 adhibitis,
1341 1967 1452 2033 evinci

343 2081 463 2160 potest
481 2077 671 2164 theoloqice,
690 2076 811 2160 idest,
829 2095 896 2162 per
911 2079 1166 2159 revelationem,
1186 2095 1280 2161 quae
1297 2075 1397 2142 nobis
1413 2091 1452 2138 ex

342 2202 451 2250 sensu
468 2185 663 2252 tradionali
679 2191 834 2250 constat.
854 2183 922 2250 Pro
942 2192 1156 2268 argumento
1173 2183 1376 2266 theologico
1400 2199 1452 2246 ex·

343 2293 509 2376 ponendo
524 2301 596 2359 tres
614 2295 850 2377 probationes
869 2294 1000 2359 adduci
1018 2293 1144 2358 valent
1174 2309 1220 2357 ex
1237 2290 1378 2356 Sanctis
1395 2289 1451 2353 Pa·

343 2400 471 2482 tribus,
508 2401 767 2467 ecclesiasticis
802 2401 1069 2466 definitionibus
1098 2403 1134 2464 et
1165 2399 1307 2464 ratione
1323 2398 1452 2462 desum-

343 2513 441 2591 piac.

434 2615 483 2679 1.⁰
531 2615 585 2680 Ex
603 2616 746 2682 Sanctis
770 2615 939 2682 Patribus
956 2633 1098 2681 sumere
1115 2615 1273 2679 sufficiat
1289 2611 1451 2678 nonnulla
1513 2625 1514 2650 ¹

343 2724 537 2806 praeclara
551 2725 770 2802 testimonia,
786 2743 881 2808 quae
897 2741 972 2789 rem
990 2727 1152 2788 nostram
1170 2722 1374 2787 conficiant.

434 2835 468 2910 a)
517 2829 552 2895 S.
568 2829 641 2896 Leo
659 2829 812 2914 Maghas
830 2831 883 2896 sic
901 2831 948 2895 ad
961 2829 1118 2894 Leonem
1147 2827 1346 2912 Augustum
1375 2825 1451 2890 allo·

345 2939 477 3022 quitur:
497 2939 609 3004 Debes
637 2941 877 3005 incunctanter
892 2939 1084 3020 aduertere,
1102 2937 1233 3022 repiam
1258 2941 1452 3020 potestatem

344 3048 405 3112 tibi
423 3047 679 3112 nonsolumad
695 3048 816 3112 mundi
838 3049 1001 3133 regimen,
1020 3046 1080 3112 aed
1097 3046 1245 3110 manime
1278 3043 1325 3108 ad
1347 3041 1449 3106 Eccle·
1512 3087 1513 3134 ss

344 3153 417 3218 aiae
427 3153 646 3241 praesidium
663 3175 734 3220 esse
760 3155 931 3233 collatam,
959 3161 996 3220 at
1024 3174 1131 3218 ausas
1146 3151 1302 3238 nefarios
1319 3149 1450 3232 compri-

346 3261 477 3342 mendo,
496 3271 629 3346 atquae
647 3263 970 3326 beneaantatatata
998 3259 1178 3346 defendas,
1198 3265 1229 3323 et
1259 3277 1375 3324 otram
1394 3274 1450 3340 pa·

345 3391 414 3435 cem
431 3369 493 3452 itia,
512 3391 597 3454 qaae
614 3378 693 3436 sant
710 3371 859 3452 turbata,
873 3370 1038 3434 restituas
1053 3369 1112 3450 (1).

438 3478 470 3556 b)
518 3476 552 3542 S.
571 3475 792 3560 Augustinus
810 3477 861 3541 ita
878 3475 925 3540 ad
942 3475 1116 3540 Comitem
1136 3473 1360 3538 Bonifacium
1377 3467 1450 3535 scri·

344 3588 408 3652 bit:
424 3586 535 3652 Aliter
547 3589 654 3653 servit
667 3587 757 3668 (Rex
770 3585 862 3666 Deo)
876 3585 957 3670 quia
968 3582 1065 3650 bomo
1078 3591 1140 3664 eat,
1155 3583 1258 3649 aliter·
1268 3582 1348 3666 qnia
1361 3580 1450 3644 etiam
1511 3581 1512 3584 ’

346 3695 421 3760 Rea
434 3702 494 3760 eat.
515 3694 604 3771 Quia
621 3695 717 3761 homo
735 3703 793 3776 est,
810 3695 841 3758 et'
859 3695 967 3758 serait
982 3676 1126 3757 virendo
1136 3690 1301 3778 fitistiim
1314 3688 1392 3773 quia
1407 3703 1450 3748 re-

345 3809 384 3868 τὸ
400 3803 503 3868 etiarn
520 3803 596 3868 Reor
612 3809 671 3885 esi,
685 3802 792 3867 serait
809 3801 897 3886 tepea
906 3802 1008 3888 jacta
1015 3799 1274 3885 praecipientes
1288 3804 1320 3862 et
1331 3799 1449 3861 cenna·

345 3911 402 3974 ria
411 3909 631 3994 prohibentes
645 3909 858 3976 convenienti
875 3908 988 3993 ripere
1004 3906 1204 3973 sanciendo:
1219 3905 1308 3970 sicat
1324 3900 1451 3968 servivit

345 4015 622 4083 Ezechiastacaa
650 4026 681 4083 et
699 4018 826 4101 tempta
842 4017 1025 4099 idolorum,
1055 4023 1086 4081 et
1102 4013 1167 4081 itta
1198 4013 1346 4095 excelsa,
1377 4025 1450 4094 quat
1510 4069 1511 4072 ,

347 4201 504 4209 -—--—.

417 4347 459 4414 tl)
498 4346 586 4414 Epist.
602 4347 659 4397 125.
674 4343 746 4399 olias
759 4345 801 4398 75.
