3024 4994
526 427 703 486 -237-

68 571 99 633 xi
111 569 359 653 Apostolorum
378 579 414 636 ct
437 570 558 636 Sacris
575 571 790 637 testimoniis
809 571 958 636 mirifice
982 575 1171 653 consonat,

68 677 187 742 etenim
217 677 366 742 traditio
399 678 556 743 omnium
589 679 830 761 saeculorum,
860 679 912 743 uti
940 695 986 744 ex
1013 678 1174 744 Historia

67 783 314 850 Ecclesiastico
337 784 463 868 liquet,
494 803 637 870 semper
664 787 769 851 nobis
799 785 946 851 exbibet
974 785 1174 868 Episcopus

67 890 217 956 addictos
240 891 411 974 regimini
438 893 671 974 particularis
699 892 900 973 Ecclesiam
920 897 956 957 et
982 892 1174 976 siquando

66 996 225 1081 Episcopi
241 998 348 1063 fidem
381 999 645 1064 annuntiarunt
676 999 820 1083 populis
838 998 997 1064 finitimis
1025 998 1174 1082 proprio

65 1103 203 1169 Pastore
220 1105 442 1188 carentibus,
463 1106 524 1170 vel
553 1106 734 1171 interdum
752 1105 989 1171 Patriarobae
1017 1103 1175 1172 Orientis

65 1210 266 1295 Episcopos,
297 1231 386 1296 quos
418 1215 572 1298 pestium
589 1215 786 1290 vocabant,
808 1213 854 1278 ad
881 1219 1008 1296 gentes
1039 1214 1176 1278 adfines

66 1337 120 1384 suo
151 1320 420 1403 patriarchatui
454 1321 640 1404 miserunt,
675 1323 988 1387 utoeleberrimus
1021 1321 1176 1404 pbiloso-

66 1425 146 1508 pbus
185 1427 382 1492 Panaetius
412 1428 459 1492 ad
491 1427 600 1493 Indos
634 1447 656 1492 a
682 1428 895 1502 Patriarcba
927 1427 1175 1492 Alexandrino

67 1534 182 1600 missus
201 1535 281 1616 luit,
296 1533 468 1617 Episcopi
482 1535 535 1599 illi
551 1535 604 1600 sic
624 1546 776 1618 egerunt
791 1535 1001 1601 necessitati
1015 1540 1051 1599 et
1067 1533 1177 1598 saluti

66 1641 270 1723 populorum
302 1641 340 1704 in
371 1641 617 1724 peculiaribus
650 1643 830 1724 adjunctis
863 1642 1106 1722 consulentes,
1142 1652 1178 1704 et

65 1746 289 1813 Patriarcbae
307 1754 596 1830 sesegesserunt
623 1750 705 1831 jure
738 1750 989 1814 ecclesiastico
1019 1747 1175 1828 suffulti,

68 1861 180 1940 utpote
192 1858 324 1940 majori
341 1858 626 1940 participatione
641 1857 895 1922 sollicitudinis
915 1857 1139 1940 apostolicae
1156 1875 1179 1920 a

67 1963 224 2030 Romanis
240 1965 477 2031 Pontificibus
494 1983 605 2048 supra
624 1970 752 2048 gentes
783 1965 919 2030 adfines
933 1966 994 2032 vel
1011 1965 1179 2048 regiones

68 2075 279 2156 propinquas
297 2075 429 2138 ornati.

119 2202 121 2207 ·
144 2177 286 2244 Deinde
302 2177 471 2262 Episcopi
492 2185 619 2244 carent
648 2179 928 2244 charismatibus
945 2179 1178 2265 infallibilita-

69 2287 105 2350 tis
119 2292 153 2350 et
167 2287 362 2370 charitatis,
380 2287 484 2351 velut
502 2291 630 2369 aperte
651 2287 757 2352 docet
774 2287 809 2352 S.
826 2287 971 2368 Paulus3
988 2294 1180 2370 postquam

69 2393 152 2457 enim
175 2393 367 2477 Episcopis
385 2393 495 2458 Asiae
513 2395 746 2477 cougregatis
765 2394 917 2459 dixisset
935 2412 996 2459 eos
1023 2410 1102 2458 esse
1118 2411 1179 2476 po·

69 2498 144 2564 sitos
161 2519 183 2564 a
199 2499 337 2582 Spiritu
354 2499 488 2565 Sancto
505 2497 551 2564 ad
570 2501 768 2582 regendam
787 2499 1000 2581 Ecclesiam,
1031 2500 1083 2574 ita
1100 2501 1180 2565 sub·

71 2603 122 2669 dit:
140 2606 185 2673 Et
202 2627 247 2672 ecc
262 2606 354 2673 vobis
371 2607 458 2688 ipsis
476 2615 659 2694 casorpent
672 2609 741 2672 oiri
767 2609 1127 2692 loquentesperoerso,
1145 2614 1182 2673 at

70 2714 230 2782 obducant
246 2715 438 2800 discipulos
451 2722 531 2800 poet
547 2737 594 2780 se.
614 2717 762 2801 Propter
779 2717 868 2800 qood
885 2715 1025 2801 cipitata
1055 2717 1115 2796 (1):
1135 2732 1182 2779 ex

71 2820 184 2900 quibus
201 2821 326 2886 verbis
343 2821 482 2885 eruitur
514 2822 678 2906 singulos
706 2822 907 2905 Episcopos
935 2822 971 2885 in
1002 2820 1182 2886 baeresim

71 2928 190 2995 cadere
218 2945 325 3012 posse
343 2929 524 3011 loquendo
540 2947 730 3012 perversa,
752 2931 933 3011 etiamque
960 2927 996 2990 in
1025 2926 1182 2992 schisma

72 3033 273 3102 abducendo
291 3035 489 3119 discipulos
523 3045 603 3119 post
621 3054 673 3119 se,
694 3037 847 3119 ideoque
879 3035 1103 3121 sinpaiariter
1121 3032 1180 3096 du·

71 3141 147 3222 plici
156 3143 377 3209 charismate
386 3143 658 3208 infallibilitatis
672 3148 708 3208 et
721 3142 909 3207 charitatis
923 3160 994 3206 non
1008 3141 1179 3224 gaudere.

151 3251 351 3332 Postremo,
371 3251 406 3316 in
424 3251 660 3316 successores
697 3251 951 3334 Apostolorum
976 3269 1047 3315 non
1068 3253 1184 3315 trans·

74 3361 149 3421 eunt
169 3357 574 3424 donaextraordinaria
605 3357 726 3441 ipsisa
742 3357 896 3422 Domino
928 3357 1015 3422 Jesu
1048 3356 1184 3421 collata

73 3467 246 3547 tamquam
260 3464 392 3547 legatis
411 3464 543 3529 divinis
559 3464 769 3529 immediate
786 3464 915 3528 missis.

152 3569 396 3656 Goltapialiter:
407 3571 579 3654 Episcopi
608 3570 808 3635 succedunt
822 3568 995 3653 potestati
1009 3567 1181 3649 collegia-

73 3671 93 3736 li
108 3674 373 3760 Apostolorum,
388 3677 473 3760 quia
486 3676 577 3742 heco
592 3682 673 3742 erat
687 3677 722 3741 in
739 3676 783 3742 ile
797 3675 994 3755 ordinaria;
1011 3675 1094 3739 bino
1107 3673 1179 3737 ool·

74 3777 196 3847 lectiae
209 3787 271 3847 aut
289 3783 531 3864 collegialiter
545 3783 711 3866 Apostoli
729 3799 960 3848 soccessores
978 3781 1124 3845 babent.

153 3889 228 3955 145.
277 3888 441 3954 Potestas
455 3889 683 3973 Episcopalis
693 3892 775 3971 jure
788 3890 911 3954 divino
922 3889 1071 3974 proprio
1085 3895 1116 3952 et
1130 3909 1182 3953 or·

75 3990 205 4060 diuae-io
221 3999 290 4076 est,
310 3995 455 4060 minime
473 4015 560 4060 vero
575 3997 716 4060 vicaria
731 4000 792 4060 aut
810 4015 831 4060 a
847 3997 1008 4060 Romano
1036 3993 1182 4059 Pontifi-

76 4113 111 4163 ce
123 4101 300 4187 delegata,
319 4101 496 4185 siquidem
514 4122 536 4168 a
553 4102 695 4168 Christo
713 4101 867 4168 Domino
900 4103 1067 4168 instituta
1100 4101 1180 4183 fuit,

79 4246 235 4262 *Q-

138 4343 172 4409 (1)
209 4343 270 4396 Act.
285 4357 345 4411 cap.
359 4343 427 4424 Xli,
441 4361 466 4398 v.
480 4341 523 4398 30.
