3024 4994
519 437 556 452 -
579 404 696 465 209-

65 549 364 632 aperpetratiune
398 548 571 632 criminis,
590 549 763 633 ipsosque
791 548 837 614 ab
862 550 940 632 ejus
968 549 1170 616 imitatione

63 656 260 720 avertendo:
270 655 512 740 quamobrem
523 673 567 722 ex
582 657 813 739 legislatione
828 657 1007 722 canoniea
1020 675 1168 739 prorsus

62 763 325 846 expungendam
353 781 434 828 esse
464 781 665 847 censemus,
686 742 737 829 u⁰ti
766 765 875 848 paulu
904 770 988 848 post
1005 765 1169 831 ostende-

62 887 141 952 mus,
155 869 481 936 denominationem
496 871 678 954 uiadietae,
693 875 730 935 et
743 871 993 936 contendimus
1010 889 1169 956 semper-

62 995 121 1060 que
137 979 443 1062 propugnabimus
460 996 506 1044 ex
524 977 702 1061 Operibus
720 979 741 1044 J
745 978 892 1044 aridicis
925 984 961 1044 et
978 979 1168 1062 Theologi·

62 1084 105 1148 ris
120 1083 308 1148 delendam
335 1085 497 1150 funditus
514 1103 594 1150 esse
610 1085 929 1150 classiiicationem
958 1103 1170 1168 poenarum,

11 1219 12 1222 ¹
61 1207 143 1273 quae
156 1189 272 1257 adhuc
285 1210 307 1255 a
320 1192 503 1257 nonnullis
517 1193 727 1258 auctoribus
740 1193 973 1259 vindic-ativae
988 1193 1171 1275 appellari

61 1296 179 1361 solent.

139 1403 211 1469 126.
260 1403 385 1469 Merae
408 1421 550 1487 poenae
575 1421 655 1470 esse
684 1409 835 1488 possunt
859 1405 1073 1491 spirituales,
1092 1413 1172 1472 tem·

57 1511 185 1594 paratae
199 1512 251 1578 vei
269 1513 400 1578 mixtae
417 1530 483 1594 pro
501 1515 633 1576 natura
649 1512 824 1576 bonorum
843 1513 971 1596 quibus
1005 1513 1167 1595 privant.

136 1617 346 1704 spirituales
362 1635 428 1683 sex
456 1623 706 1684 recensentur:
727 1619 919 1702 depositio,
940 1619 1167 1702 degradatio,

60 1721 298 1807 irregularitas
329 1731 365 1790 et
379 1725 592 1790 inhabilitas
610 1729 719 1810 (quae
751 1727 820 1792 etsi
837 1745 903 1810 per
932 1744 971 1791 se
1002 1744 1073 1791 non
1098 1728 1170 1790 sint

60 1847 197 1914 poenae,
215 1832 413 1916 aliquando
444 1835 564 1898 autem
588 1832 795 1900 inferuntur
823 1833 859 1899 in
888 1835 1070 1916 poenam),
1091 1851 1165 1898 sus-

60 1939 173 2017 pensio
190 1943 370 2023 perpetua
399 1943 507 2023 atque
540 1939 700 2006 detrusio
718 1940 765 2005 ad
794 1940 1083 2005 communionem
1100 1940 1169 2004 lai·

61 2061 141 2110 cam.

139 2151 359 2239 Temperatus
375 2153 412 2217 in
429 2160 590 2220 externus
609 2157 645 2218 et
661 2155 866 2240 personales
885 2153 1166 2236 distinguuntur:

61 2266 317 2343 aeternaequae
335 2260 438 2325 bonis
456 2261 617 2326 externis
634 2261 796 2344 privant,
815 2261 895 2325 sive
912 2261 1101 2326 moralibus
1119 2260 1170 2325 uti

62 2364 279 2449 bonafama,
310 2370 347 2433 et
376 2372 463 2432 tuno
492 2369 642 2455 infamia
670 2367 837 2449 habetur,
861 2370 961 2456 juria
984 2367 1045 2433 vel
1069 2366 1170 2453 facti,

62 2477 154 2554 prout
182 2493 204 2539 a
231 2474 314 2557 lege
345 2473 518 2557 infligitur
547 2479 584 2538 et
611 2475 794 2540 sententia
807 2475 941 2557 judicis
958 2474 1020 2538 vel
1037 2491 1059 2538 a
1071 2475 1171 2556 justa

62 2580 171 2661 populi
203 2581 387 2663 opinione,
405 2581 485 2647 sive
516 2583 766 2664 materialibus,
786 2588 822 2646 et
854 2585 940 2646 tune
970 2584 1171 2663 exsurgunt

63 2685 143 2751 aliae
159 2688 228 2754 duo
247 2705 401 2771 poenae,
421 2689 550 2755 mulcta
566 2706 630 2754 seu
654 2690 798 2754 exactio
818 2689 1030 2772 pecuniaria
1058 2693 1094 2752 et
1105 2709 1171 2773 pu·

63 2790 184 2862 iiieatio
201 2794 377 2859 bonorum
394 2797 659 2882 (confiscanda),
672 2795 702 2858 si
715 2796 762 2860 ad
777 2796 901 2878 aliqua
914 2795 974 2860 vel
989 2795 1034 2858 ad
1049 2797 1170 2860 omnia

62 2895 143 2964 bona
164 2901 373 2966 materialia
397 2903 628 2983 extendatur3
644 2905 847 2988 personales
878 2903 1046 2967 dicuntur
1076 2919 1169 2985 quae

62 3002 143 3070 bona
158 3009 296 3074 animae
314 3007 374 3072 vel
390 3011 548 3094 corporis
566 3010 748 3090 auferunt;
769 3009 912 3092 quando
931 3007 1033 3073 bonis
1052 3029 1166 3093 corpo·

63 3115 270 3198 deprivant,
290 3117 416 3181 vocari
433 3116 553 3181 solent
583 3117 711 3182 directe
728 3119 901 3204 aflictiuae
917 3121 980 3180 aut
1007 3115 1170 3198 corporis

63 3221 243 3306 allictivae,
270 3224 323 3288 uti
343 3245 459 3310 poena
491 3226 666 3310 capitalis,
697 3225 881 3307 tentilatio,
906 3225 1170 3307 verberationes,

63 3331 223 3414 compedes
240 3335 278 3396 et
305 3331 379 3396 alia
402 3330 620 3412 hujusmodi;
642 3349 723 3396 cum
741 3348 830 3396 vero
859 3332 954 3396 bona
972 3333 1109 3397 animae
1127 3347 1171 3394 ac

63 3437 205 3503 omnium
229 3439 456 3522 potissimum
473 3443 584 3522 atque
607 3439 883 3521 nobilissimum,
902 3455 1045 3520 nempe,
1063 3437 1170 3502 llber-

64 3543 159 3610 lalem
188 3545 334 3612 demunt
351 3549 413 3610 aut
441 3546 667 3628 imminuunt,
687 3545 855 3611 indirecte
872 3545 1043 3632 aflictivae
1062 3543 1170 3609 deno·

64 3651 243 3735 minantur,
272 3653 406 3718 exinde
434 3671 561 3718 carcer
589 3653 650 3718 vel
679 3653 798 3736 potius
831 3651 1074 3715 incarceratio
1104 3651 1169 3714 sub

64 3758 238 3843 multiplici
262 3761 381 3826 forma
397 3765 434 3825 et
453 3759 669 3842 gradatione
687 3762 850 3840 servata,
867 3757 1047 3836 nimirum,
1062 3757 1170 3822 rectu·

64 3863 105 3928 rio
130 3883 192 3932 seu
221 3885 350 3932 carcer
379 3867 548 3949 simplex,
573 3867 717 3932 exilium
747 3865 891 3948 (ejectio
909 3883 932 3928 a
955 3863 1168 3945 territorio),

64 3972 211 4058 relegatio
228 3973 463 4060 (domicilium
492 3977 657 4040 coactum
679 3973 716 4037 in
733 3973 813 4037 loco
828 3971 1082 4049 determinato,
1102 3971 1171 4034 his-

65 4081 180 4156 panice
190 4082 475 4169 confinomiento),
488 4083 659 4147 exsulatio
669 4078 849 4164 (expulsio
863 4097 885 4142 a
895 4079 1029 4162 patria,
1044 4078 1079 4142 in
1093 4077 1170 4141 His·

67 4187 160 4263 pauiu
188 4189 488 4271 eutratamiento),
518 4194 555 4252 et
584 4188 778 4273 deportatio
796 4184 1017 4266 (amandatio
1044 4181 1089 4248 ad
1114 4201 1171 4248 cu-

69 4287 171 4360 lunias
189 4295 252 4361 vel
277 4296 461 4378 praesidia
479 4295 731 4376 ultramarina,
746 4292 842 4376 apud
859 4309 923 4358 nos
952 4291 1172 4376 relepacidn),·

1086 4395 1118 4447 re
