3024 4994
335 495 482 564 Eusebii
497 495 754 564 caesareensis
780 502 1026 568 testimouium
1049 496 1109 580 (l),
1130 493 1231 576 “post
1247 491 1346 556 Petri
1364 507 1449 554 mar-

335 605 469 687 tyrium
485 605 621 688 primus
645 603 834 673 Ecclesiae
851 608 1037 674 Romanae
1053 605 1312 687 Episcopatum
1332 587 1448 662 'susce-

335 711 422 798 pit“,
441 711 488 778 ad
504 711 539 778 S.
557 711 780 796 Simplicium
810 734 923 800 usqne
941 733 1036 782 anno
1063 711 1127 778 467
1147 709 1358 776 Pontificem
1375 722 1449 787 pro·

336 819 544 902 clamatum,
560 817 711 884 Romani
728 819 921 888 Pontifices
940 821 1047 888 electi
1065 819 1210 884 fuerunt
1227 820 1303 880 tum
1318 812 1449 901 judicio

335 925 611 1012 Episcoporum,
630 931 705 992 tum
736 928 910 1016 suffrapto
939 927 1048 1010 Cleri,
1067 943 1148 992 cum
1176 921 1385 1008 praesentia
1411 935 1449 982 ec
1499 931 1500 1010 l

336 1035 541 1100 testimonio
552 1035 689 1120 populi.

426 1139 479 1206 2.·
523 1141 673 1225 Epocha
703 1141 888 1224 (rev-741).
919 1142 998 1208 Hac
1025 1139 1185 1208 secunda
1212 1119 1353 1222 ep'ooha
1379 1138 1448 1219 jam

336 1247 514 1330 incipiunt
529 1249 747 1314 intrusiones
766 1249 901 1332 Regum
919 1267 962 1315 ao
975 1249 1182 1331 Principum
1199 1243 1446 1322 saecularium

337 1355 406 1418 tria
431 1353 620 1437 potissima
648 1356 747 1420 iacta
772 1374 819 1420 ex
835 1355 995 1422 Historia
1024 1355 1178 1438 allegari
1195 1359 1331 1436 queunt
1357 1351 1448 1415 circa

337 1463 528 1544 potestatis
562 1461 681 1527 civilis
711 1463 957 1530 interventum
988 1463 1025 1528 in
1057 1461 1247 1528 Pontificio
1280 1459 1448 1524 electione

336 1570 536 1634 versantia:
559 1571 610 1634 1.⁰
628 1575 769 1635 mortuo
798 1569 994 1654 Simplicio,
1015 1569 1193 1650 Odoacer,
1213 1567 1290 1634 Rex
1307 1565 1447 1630 Herulo·
1500 1591 1501 1606 2

336 1694 415 1740 rum
432 1677 505 1759 qui,
525 1675 669 1742 devicto
687 1676 837 1743 Romulo
855 1677 1068 1760 Augustum,
1088 1676 1196 1742 Italis
1214 1677 1345 1758 potitus
1361 1679 1446 1752 erat,

338 1783 582 1866 praetendens
600 1784 669 1850 sibi
688 1803 709 1848 a
725 1785 893 1868 praefato
911 1784 1083 1851 Pontifice
1102 1783 1354 1848 demandatum
1370 1782 1446 1846 fuis·

336 1907 375 1954 se
401 1907 527 1954 munus
556 1890 825 1957 interveniendi
850 1909 915 1974 pro
945 1891 1071 1956 ordine
1100 1889 1323 1956 asservando
1347 1893 1447 1972 atque

337 1996 548 2062 tumultibus
567 1997 739 2080 vitandis,
759 1999 896 2082 primus
914 1999 1072 2064 omnium
1095 1997 1264 2079 sancivit,
1279 2014 1323 2062 ne
1340 2013 1447 2061 novus

337 2104 505 2170 Pontifex
539 2105 736 2187 eligeretur
770 2105 907 2189 absque
940 2109 1086 2192 praeuia
1118 2107 1361 2172 consultatione
1392 2104 1446 2168 vel
1501 2189 1502 2200 ἵ

337 2229 514 2278 consensu
528 2210 659 2278 Italiae
684 2212 805 2296 Regis.
823 2213 958 2278 Verum
975 2211 1166 2278 Pontifices
1182 2210 1355 2294 Simplicii
1370 2209 1445 2274 Suc·
1501 2209 1502 2214 ’

338 2337 502 2385 cessores
518 2319 636 2404 legem
651 2318 807 2386 Odoacri
822 2328 1085 2404 contempsere,
1101 2321 1234 2384 etenim
1248 2318 1283 2384 S.
1298 2318 1444 2401 Symma-

338 2443 401 2490 cus
419 2425 556 2492 duobus
581 2425 752 2492 Consiliis
771 2427 941 2492 Romanis
960 2427 1064 2492 aunis
1080 2427 1147 2492 500
1164 2429 1200 2492 et
1219 2425 1285 2490 502
1299 2425 1445 2491 celebra·

338 2535 384 2599 tis
413 2535 590 2615 eiusmodi
615 2535 735 2618 legem
754 2535 947 2618 abrogavit
964 2541 1139 2617 statuens,
1160 2541 1198 2600 ut
1214 2536 1276 2600 ille
1293 2533 1445 2598 Pontifex

337 2639 546 2723 haberetur,
566 2643 627 2725 qui
656 2643 965 2708 consentientibus
995 2643 1104 2708 totius
1133 2639 1369 2710 ecclesiastici
1390 2635 1446 2703 Or·

338 2749 431 2814 dinis
462 2749 651 2832 suffragiis
670 2754 814 2815 creatus
839 2755 947 2832 esset,
967 2756 1030 2814 aut
1057 2750 1088 2814 si
1117 2750 1228 2814 animi
1256 2749 1293 2814 in
1318 2751 1444 2832 partem
1502 2747 1503 2764 ¹

339 2857 522 2922 diversam
552 2858 707 2940 abirent,
727 2859 877 2922 vinceret
904 2859 1071 2922 sententia
1095 2857 1339 2942 plurimorum,
1352 2856 1445 2937 Juxta

339 2962 454 3030 verba
477 2963 614 3029 decreti
645 2965 682 3029 in
712 2964 928 3029 collectione
947 2961 1147 3030 Gratianea
1174 2963 1302 3028 inserti
1329 2961 1383 3044 (2).
1399 2957 1445 3024 2⁰

338 3069 582 3135 Theudoricus
599 3070 676 3135 Rex
693 3069 906 3153 Gothorum,
923 3076 1114 3154 postquam
1130 3069 1333 3137 Odoacrum
1346 3084 1443 3149 regno

338 3193 382 3240 ac
398 3177 477 3241 vita
502 3177 697 3260 privasset,
716 3196 789 3242 uon
819 3177 935 3242 solum
952 3177 1022 3242 sibi
1039 3177 1244 3243 vindicavit
1257 3178 1316 3260 jus
1333 3173 1443 3240 contir-

338 3283 472 3366 mandi,
491 3283 555 3349 sed
584 3284 694 3348 etiam
721 3303 897 3368 usurpare
916 3284 1033 3349 voluit
1058 3285 1118 3366 jus
1142 3284 1341 3348 Romanum
1368 3282 1443 3345 Pon·

338 3391 470 3456 tificem
488 3391 658 3474 eligendi3
679 3397 715 3456 at
733 3411 812 3457 cum
827 3393 910 3457 huic
923 3393 1070 3457 conatui
1084 3391 1210 3458 Clerus
1235 3391 1443 3470 senatusque

337 3498 519 3564 Romanus
549 3497 760 3581 obstitisset,
779 3517 844 3582 per
863 3501 961 3564 viam
989 3499 1262 3582 compositionis
1291 3497 1443 3578 utrinque

339 3610 557 3670 conventum
585 3611 651 3687 est,
673 3610 711 3669 ut
734 3607 770 3670 in
788 3615 973 3689 posterum
990 3607 1120 3672 electio
1153 3606 1335 3672 Pontificis
1358 3620 1443 3669 more

338 3711 490 3792 pristino
516 3713 619 3776 fieret
637 3731 659 3776 a
685 3711 803 3795 (llere,
824 3713 887 3778 sed
906 3714 990 3779 dein
1015 3714 1211 3780 munienda
1227 3717 1324 3800 repta
1340 3711 1442 3796 confir·

339 3820 497 3885 oratione.
515 3820 568 3884 3.⁰
595 3819 618 3886 J
621 3820 834 3902 ustinianus,
855 3826 892 3886 ut
920 3825 1047 3886 narret
1073 3821 1314 3887 Anasthusius
1330 3820 1364 3884 in
1379 3816 1443 3882 vite

339 3921 374 3988 S.
408 3925 620 4011 Agathonis,
640 3931 787 4010 praeter
812 3927 1125 3996 confirmationem
1152 3929 1325 3995 tributum
1350 3921 1441 4010 quod·

409 4197 446 4258 (l)
482 4193 555 4248 Hiar.
569 4195 642 4251 Eccl.
657 4199 716 4252 Lib.
729 4201 780 4258 111.
793 4217 854 4269 cap.
868 4207 891 4256 2.

411 4267 448 4329 (2)
484 4265 553 4318 Can.
568 4265 598 4319 Si
612 4270 746 4324 transitus
758 4270 861 4340 Papae,
874 4275 940 4326 dist.
956 4275 997 4328 te.
