3146 4980
582 425 760 484 —389—

103 564 247 647 riposse
260 566 392 648 dicunt,
404 575 464 632 aut
474 569 626 634 eamdem
643 569 793 634 reddunt
805 581 1012 633 elucebant
1026 581 1233 632 paruerant

104 683 317 751 Obnoxiam,
331 675 383 738 ita
400 680 438 738 ut
452 675 671 754 contendant,
688 695 773 758 quae
790 676 832 740 ab
850 673 1051 759 Apostolica
1069 673 1154 740 Sede
1181 675 1233 740 uel

101 779 176 860 ejus
189 781 402 845 anctoritate
418 783 465 846 ad
477 783 627 865 repimcn
659 781 837 847 Ecclesiae
866 784 1130 863 constituantur,
1164 784 1234 846 vim

101 903 144 947 ac
155 884 314 949 oaloron
332 907 399 951 nou
412 887 546 968 babere,
560 889 630 952 nisi
648 901 876 953 Perusinum
900 901 1129 953 sunouuarns
1145 901 1232 952 rut·

103 1001 190 1056 tiro
203 994 463 1078 confirmentur.

524 1207 816 1274 Liseulnisuus.

192 1416 275 1482 252.
327 1419 503 1484 Germina.
523 1417 688 1485 Omnium
707 1427 957 1502 systematum,
977 1437 1071 1502 quae
1088 1419 1153 1483 lus
1167 1419 1232 1482 Pu·

104 1519 241 1586 blioum
264 1523 453 1588 Ecclesiae
468 1525 665 1590 Externum
684 1533 854 1592 evertere
871 1532 934 1590 aut
950 1527 1157 1608 depravare
1182 1525 1232 1588 in·

105 1629 316 1704 tenderunt,
335 1631 571 1695 novissImum
588 1641 625 1696 et
643 1634 810 1716 forsitan,
829 1635 938 1698 immo
956 1635 1065 1697 etiam
1095 1631 1232 1713 absque

106 1732 178 1798 ulla
196 1735 426 1802 dubitatione
450 1739 796 1822 perniciosissimum
812 1745 868 1804 est
884 1739 1156 1805 Liberalismus:
1176 1757 1232 1802 uo·

104 1841 509 1932 vissimum-inquimus,
535 1846 622 1909 licet
651 1848 745 1910 enim
779 1855 905 1912 remote
940 1865 962 1910 a
998 1843 1232 1910 Protestanti·

104 1963 181 2011 smo
213 1951 368 2032 oriatur,
399 1957 474 2015 tum
506 1953 591 2034 quia
608 1953 847 2017 exsecrabilis
874 1951 1258 2017 Pseudareiormato-¹

108 2069 184 2120 rum
211 2055 377 2120 haeresis
393 2057 548 2121 liberum
567 2075 720 2122 examen
739 2058 932 2122 adstruens
950 2059 1100 2122 abusum
1118 2056 1233 2121 omnis

106 2157 291 2226 libertatis
316 2164 560 2244 consecravit,
581 2172 655 2228 turn
674 2165 758 2246 quia
775 2181 950 2228 summam
978 2181 1023 2227 aa
1041 2161 1232 2245 plenitudi-

108 2281 188 2332 nem
214 2269 312 2332 sacri
338 2270 481 2352 imperii
511 2272 684 2350 potestati
712 2271 893 2336 saeculari
911 2271 1105 2334 conterens
1122 2268 1233 2332 omni·

108 2375 311 2452 potentium
329 2373 452 2440 Status
472 2377 591 2440 civilis
609 2377 865 2457 proclamavit,
883 2383 958 2441 tum
976 2375 1131 2458 denique
1148 2374 1234 2456 quia

108 2481 329 2564 principium
354 2483 459 2547 liberi
476 2484 653 2547 examinis
672 2501 718 2547 ex
737 2483 863 2548 ordine
887 2483 1103 2548 individuali
1127 2491 1164 2547 et
1180 2499 1232 2546 re·

110 2586 239 2670 ligioso
264 2590 383 2672 logice
405 2591 442 2654 in
461 2591 624 2654 ordinem
651 2592 834 2672 publicum
861 2599 899 2655 et
915 2591 1088 2654 socialem
1117 2595 1233 2652 trans-

109 2693 233 2761 ferens
263 2698 467 2762 absolutam
495 2699 682 2761 societatis
712 2698 886 2779 politicae
914 2695 1233 2778 independentiam

106 2805 280 2885 asseruit
300 2811 424 2869 tamen
435 2807 597 2888 prosimu
614 2811 651 2868 et
665 2806 864 2890 formaliter
882 2804 973 2868 haec
990 2803 1155 2866 doctrina
1169 2817 1232 2864 seu

111 2913 231 2988 potius
264 2911 470 2994 complexio
499 2929 674 2990 errorum,
706 2928 801 2992 quae
828 2910 972 2975 nomine
1004 2907 1233 2972 Liberalismi

110 3019 226 3098 venit,
245 3019 422 3100 originem
440 3017 538 3082 duait
555 3037 577 3082 a
594 3018 872 3082 Perturbatione
886 3013 1030 3083 Gallica
1046 3015 1113 3079 sub
1125 3013 1232 3078 finem

110 3125 249 3190 saeculi
265 3123 476 3206 superioris.
497 3125 552 3189 Ab
570 3125 639 3188 hac
667 3125 811 3188 nefasta
829 3129 951 3188 aetate
976 3141 1022 3187 ex
1039 3123 1112 3186 alie
1129 3126 1234 3203 parte

108 3233 350 3314 exaggeratio
367 3249 432 3296 seu
460 3241 699 3314 praepostera
723 3232 978 3313 interpretatio
996 3231 1166 3313 principii
1180 3231 1234 3309 ju·

112 3337 440 3420 ridico·dogmatici
457 3337 726 3404 distinctionem
751 3341 848 3404 inter
871 3339 1073 3404 Ecclesiam
1103 3345 1140 3402 et
1156 3337 1233 3402 Sta-

110 3447 184 3511 tum
214 3446 408 3510 statuentis
432 3445 470 3509 in
487 3445 665 3510 theoriam
694 3447 938 3529 separationis
955 3446 1102 3511 tandem
1128 3453 1166 3508 et
1182 3444 1233 3508 lu·

109 3563 237 3618 ctuose
254 3551 414 3630 devenit;
434 3569 480 3616 ex
497 3553 571 3616 alia
590 3571 677 3616 vero
697 3553 936 3634 proclamatio
950 3552 1084 3635 jurium
1105 3550 1234 3616 indivi-

108 3657 272 3725 duallum
289 3663 590 3742 caeterorumque
607 3661 881 3743 principiorum,
900 3677 995 3725 anno
1015 3659 1100 3724 1793
1117 3659 1154 3724 in
1171 3658 1234 3722 illa

113 3781 244 3849 magno
261 3766 414 3830 tumultu
432 3783 455 3828 a
469 3767 660 3830 sceleratis
690 3766 834 3831 Galliae
850 3767 1166 3849 perturbatoribus
1182 3765 1234 3828 ta·

110 3885 184 3956 cta,
199 3889 326 3938 nomm
344 3873 444 3936 dedit
460 3871 578 3937 Statui
592 3874 743 3938 abusum
761 3874 941 3938 libertatis
958 3873 1067 3937 etiam
1077 3871 1234 3958 juridice

109 3978 313 4060 strnciendn
345 3979 524 4062 simulque
543 3979 706 4043 theoriae
722 3981 963 4045 subversivae
981 3999 1003 4044 a
1015 3977 1234 4061 pbilosophi-

109 4101 202 4169 smo,
221 4085 496 4152 volterianlsmo
510 4091 547 4150 et
562 4087 850 4169 encyolopaedia
863 4103 929 4169 per
946 4087 1153 4150 universam
1167 4085 1236 4150 Elu-

110 4209 240 4277 rapam
268 4193 485 4277 propalatae
510 4211 583 4257 non
610 4194 726 4257 solum
755 4191 877 4258 Status
906 4193 1235 4275 emancipationem

111 4307 329 4384 genuerunt,
349 4315 476 4366 verum
502 4302 612 4364 etism
641 4300 828 4382 religionis
852 4305 1112 4383 contemptum,
1131 4315 1235 4381 uper·
