3120 4988
1129 331 1176 374 XV

107 459 196 514 nunt
215 459 486 534 exponemus,
507 429 820 534 perscrutantes
837 445 1040 516 notrorum
1054 440 1184 532 juridi
1197 479 1217 492 -

107 561 429 653 cam'Ecclesiae,
448 562 806 638 fundamentalem
822 563 911 657 ejus
946 559 1216 640 constitutio-

104 710 200 780 nem,
219 687 462 764 essentiales
482 681 710 764 relationes
725 709 835 784 quae
850 690 960 780 inter
976 689 1215 764 Ecclesiam

105 823 365 909 caeterasque
385 813 609 886 societates
624 813 772 887 civiles
801 824 842 886 et
863 815 1086 910 religiosas
1121 817 1215 888 exi·

104 948 203 1012 stere
222 938 389 1026 debent,
409 957 571 1010 necnon
593 945 765 1010 cunctos
785 959 952 1013 errores
968 951 1096 1034 atque
1117 961 1215 1034 per·

104 1063 251 1136 niciosa
288 1066 517 1162 systemate
555 1072 703 1135 contra
739 1059 817 1136 Jus
867 1061 1214 1136 Ecclesiasticum

104 1193 181 1258 tum
201 1187 243 1258 in
264 1185 411 1259 ordine
447 1179 744 1277 intematum
780 1185 825 1259 in
859 1186 1005 1260 ordine
1043 1192 1215 1261 caterno

104 1309 285 1383 conficta.
308 1308 454 1382 Altera
473 1308 575 1382 Pars
605 1308 898 1384 dilucidandae
920 1311 1086 1384 curabit
1106 1332 1215 1384 com·

103 1436 295 1532 plurimae
316 1435 584 1531 quaestiones
600 1434 805 1530 speciales
823 1435 1035 1508 maximae
1055 1434 1215 1508 utilita-

103 1560 150 1633 tis
181 1571 222 1634 et
241 1559 609 1655 frequentissimae
643 1558 956 1654 applicationis,
981 1579 1075 1631 cum
1096 1569 1214 1654 pote·

103 1695 201 1758 state
221 1683 439 1758 Ecclesiae
466 1676 789 1783 independente,
814 1675 991 1774 directo,
1013 1677 1144 1783 pleno
1174 1693 1216 1757 et

102 1802 305 1884 indirecto
332 1807 577 1881 immediate
593 1806 661 1880 vel
682 1806 868 1879 mediate
889 1806 1123 1902 copulatas.
1142 1805 1215 1880 So-

102 1933 196 2008 lutic
216 1932 423 2027 ejusmodi
443 1931 737 2026 quaestionum
757 1930 979 2027 perspicue
1014 1930 1218 2004 edisseret

102 2058 314 2152 potissima
325 2057 552 2152 jura,quae
571 2055 787 2130 Ecclesiae
806 2055 952 2130 divina
973 2052 1131 2130 Christi
1152 2078 1217 2131 or-

101 2180 309 2255 dinatione
324 2187 585 2275 competunt.

197 2305 415 2379 Postremo
467 2303 558 2377 loco
615 2302 910 2398 subjungimus
966 2303 1209 2378 ordinatum

101 2425 399 2528 Compendium
424 2427 540 2504 Juris
570 2427 732 2502 Publici
770 2427 1117 2502 internetionalis
1157 2427 1213 2502 ad

99 2565 275 2630 mentem
314 2554 625 2650 exsequendam
658 2553 813 2628 Sacrae
849 2549 1210 2651 Congregationis

99 2677 349 2774 Studiorum,
372 2680 545 2776 quaein
573 2678 755 2753 Decreto
772 2679 995 2752 erectionis
1016 2677 1211 2752 Faculta-

99 2813 181 2880 tum
200 2805 242 2880 S.
266 2804 541 2900 Theologiae,
565 2802 592 2878 J
597 2804 681 2876 uris
702 2798 905 2876 Canonici
927 2813 968 2875 et
987 2800 1215 2876 Scholasti-

101 2949 167 3003 cae
185 2927 486 3026 Philosophiae
512 2928 556 3000 in
575 2927 687 3001 almo
706 2925 940 3001 Seminario
974 2925 1217 3021 Hispalensi

100 3051 161 3126 die
178 3053 238 3128 lV
259 3051 440 3149 Augusti
465 3053 687 3126 anni189l
710 3051 837 3144 edito,
861 3071 937 3147 pro
966 3050 1104 3146 primo
1124 3070 1215 3123 cur·

99 3177 227 3253 riculo
237 3175 472 3251 Facultatie
483 3175 510 3250 J
514 3175 598 3248 uris
610 3173 732 3272 jubet
743 3174 1084 3249 Institutionihus
1095 3173 1122 3248 J
1127 3173 1213 3247 uris

98 3299 258 3377 Publici
273 3311 316 3376 et
332 3301 494 3376 Privati
509 3299 638 3393 adjici
653 3292 861 3374 Notioaea
875 3291 1000 3375 Juris
1011 3291 1215 3400 peritiam.

200 3428 266 3501 Ad
284 3427 463 3500 formam
483 3424 595 3520 qued
615 3432 795 3521 spectat,
814 3424 916 3497 trito
949 3443 1141 3496 sermone
1175 3431 1218 3495 et

99 3551 276 3650 simplici
296 3549 410 3646 stylo
430 3549 600 3641 utimur,
625 3548 725 3644 quia
744 3547 851 3621 haec
870 3546 1081 3621 scribendi
1106 3545 1218 3618 ratio

98 3675 216 3750 nobis
235 3674 406 3748 videtur
425 3673 565 3769 aptior
585 3671 725 3745 adres
745 3670 956 3744 didactice
984 3669 1221 3766 explanan-

100 3797 186 3894 dae;
210 3799 348 3874 oratio
363 3796 574 3895 perpolita
589 3803 632 3869 et
651 3795 788 3868 nitida
807 3794 937 3868 dictio
966 3791 1221 3867 academicis

100 3921 478 4013 dissertationibus,
497 3920 678 4018 publicis
694 3919 1081 3994 concertationibus
1098 3925 1140 3991 et
1156 3935 1221 3991 so·

98 4043 371 4122 lemnioribus
390 4046 556 4120 actibus
576 4044 855 4140 relinquatur.

202 4171 253 4244 In
284 4170 606 4267 probationibus
632 4167 861 4244 afferendis
894 4176 936 4241 et
970 4161 1218 4260 objectioni·

98 4291 174 4368 bus
195 4292 404 4368 diluendis
424 4292 683 4385 methodum,
706 4299 753 4367 ut
771 4292 833 4365 ita
854 4290 1006 4382 dicam,
1043 4282 1222 4364 mictum
