3030 4990
556 339 712 398 ..85-

92 487 145 566 pta
162 503 228 549 non
246 485 297 549 ita
315 489 354 549 ut
372 487 527 568 oportet,
543 483 711 568 custodit,
727 487 850 549 nostro
864 485 973 550 etiam
990 484 1194 569 corrigatur

91 591 246 676 imperio,
268 593 330 674 (l).
347 589 426 656 Hac
444 591 586 674 quidem
606 591 651 656 de
669 609 780 656 causa
798 588 960 656 Ooncilia
994 594 1030 656 et
1046 589 1193 673 Episco-

91 698 121 780 pi
137 698 176 762 ab
203 698 490 782 Imperatoribus
508 697 705 781 aliquando
723 697 967 780 postularunt,
999 701 1037 763 ut
1053 715 1119 763 sua
1135 715 1194 761 au·

90 807 242 872 ctoritate
252 825 326 871 non
338 811 645 870 tantumcanones
660 805 914 888 disciplinares
924 803 1194 886 confirmarent,

92 913 147 977 sed
161 914 264 978 etiam
284 914 433 978 decreta
449 913 657 997 dogmatica
673 912 894 977 solemnibus
908 911 1036 976 edictis
1053 915 1195 976 tueren-

90 1027 138 1084 tur
157 1020 200 1084 ad
216 1021 484 1086 haereticorum
500 1019 802 1104 compescendam
820 1019 1023 1084 audaciam.

166 1127 302 1211 Object.
319 1127 371 1192 2?
385 1125 561 1208 Concilio,
577 1145 719 1193 necnon
733 1127 884 1192 Romani
898 1127 1090 1192 Pontifices
1104 1143 1196 1192 sum-

92 1237 149 1298 mis
178 1236 438 1318 imperantibus
470 1235 632 1318 epitheta
660 1238 696 1298 et
728 1235 851 1299 titulos
880 1233 971 1298 adeo
1004 1233 1196 1316 explicitos

90 1342 276 1423 conterunt,
298 1346 337 1408 ut
354 1342 593 1426 proculdubio
608 1341 898 1423 jurisdictionem
921 1341 1147 1423 spiritualem
1162 1347 1197 1404 et

89 1466 217 1514 sacram
249 1452 504 1515 auctoritatem
538 1450 748 1531 importent;
777 1449 1023 1531 Imperatores
1052 1447 1198 1513 enimet

89 1555 192 1640 Reges
207 1557 420 1640 Sacerdotes,
438 1558 630 1644 Pontifices,
659 1555 837 1622 Ecclesiae
860 1556 1023 1622 Rectores
1035 1555 1095 1620 vel
1115 1553 1196 1618 aliis

89 1663 426 1730 denominationibus
459 1669 682 1747 nuncupant3
702 1663 825 1746 igitur,
851 1663 958 1744 juxta
973 1663 1054 1745 ipsa
1071 1659 1196 1726 Conci·

88 1772 182 1837 llarla
210 1774 269 1838 vel
302 1772 493 1837 Pontificia
521 1771 741 1853 testimonia,
771 1770 959 1854 Principes
987 1769 1196 1835 saeculares

90 1879 238 1945 eamdem
251 1883 471 1963 potestatem
489 1879 526 1944 in
543 1878 652 1944 rebus
678 1877 859 1960 religiosis
887 1876 1023 1942 habent
1039 1894 1084 1941 ac
1116 1875 1196 1959 Epi·

89 1987 190 2069 scopi,
207 1987 361 2072 ideoque
376 2003 525 2070 prorsus
543 1985 680 2052 corruit
704 1985 881 2068 primatus
894 1983 1083 2048 Ecclesiae
1108 1997 1198 2065 prae

89 2095 247 2160 societate
277 2095 392 2175 civili,
424 2098 534 2178 atque
563 2093 708 2158 omnino
741 2093 921 2158 evertitur
952 2089 1198 2174 competentia

90 2202 223 2284 propria
240 2208 276 2266 et
290 2201 481 2266 exclusiva
505 2217 692 2268 sacrorum
709 2199 986 2282 Magistratuum
1004 2217 1070 2282 pro
1088 2216 1197 2280 nego·

90 2308 139 2372 tiis
155 2309 410 2380 ecclesiasticis
419 2308 627 2390 judicandis
646 2326 689 2373 ac
707 2306 928 2372 dirimendis.

165 2416 268 2501 Resp.
289 2417 381 2482 Diei.
397 2416 630 2481 antecedens:
646 2414 907 2479 Ecclesiastica
924 2413 1087 2480 Concilia
1099 2413 1196 2480 Sum-

90 2523 193 2604 mique
227 2523 420 2589 Pontifices
452 2524 697 2606 Imperatores
736 2523 797 2587 vel
831 2521 948 2604 Reges
985 2521 1197 2604 Sacerdotes,

90 2629 264 2720 Pontifices,
283 2632 456 2714 Hectores,
475 2635 544 2695 etc.
564 2634 699 2695 vocant
714 2631 918 2715 improprie,
945 2629 1014 2694 hoc
1027 2633 1093 2710 est,
1110 2632 1197 2694 tum·

91 2753 185 2817 quam
202 2737 390 2804 Ecclesiae
420 2738 642 2819 defensores
661 2740 812 2820 propter
830 2736 987 2802 officium
1005 2739 1197 2818 protectio-

90 2844 148 2924 nis,
163 2847 254 2929 quod
272 2865 295 2910 a
312 2846 390 2910 Deo
408 2845 574 2928 equidem
592 2847 831 2927 susceperunt
860 2843 1057 2908 secundum
1085 2841 1120 2907 S.
1135 2843 1197 2910 lsi·

90 2949 158 3015 dori
187 2953 352 3035 effatum,
382 2973 489 3034 coac.,·
517 2952 677 3036 proprie,
694 2949 731 3014 id
760 2956 827 3033 est,
846 2949 961 3014 veluti
975 2948 1125 3031 propria
1138 2966 1198 3012 au·

91 3059 244 3125 ctoritate
278 3065 315 3125 et
343 3061 426 3142 jure
456 3059 565 3122 insito
599 3057 785 3140 praeditos
817 3073 875 3121 res
892 3073 1017 3121 sacras
1050 3054 1198 3120 admini-

91 3169 216 3232 strandi
232 3169 293 3233 vel
311 3168 460 3250 negotia
474 3166 660 3249 religionis
674 3165 899 3247 moderandi,
919 3185 1014 3250 nepo.

167 3275 359 3341 Enimvero
378 3292 451 3340 non
477 3273 679 3339 inficiamur
693 3273 885 3337 concilium
903 3269 1198 3337 Chalcedonense

92 3379 331 3464 imperatorem
355 3381 580 3448 Marcianum
609 3380 843 3445 Sacerdotem
862 3383 897 3444 et
929 3396 1053 3461 regem
1073 3379 1197 3461 appel-

91 3485 174 3554 lasse
191 3491 250 3572 (2);
270 3491 427 3556 fatemur
445 3506 587 3572 quoque
606 3486 822 3570 Gregorium
839 3477 875 3550 Π
891 3485 1049 3550 Leonem
1066 3485 1198 3553 Isauri-

93 3609 159 3661 cum
185 3599 368 3664 bortatum
384 3597 509 3678 fuisse,
535 3599 573 3661 ut
597 3601 783 3679 tamquam
801 3595 925 3660 neam
941 3594 1106 3678 Pontifex
1119 3611 1199 3658 sese

92 3710 221 3782 gereret
234 3705 295 3790 (3);
331 3706 462 3770 scimus
480 3705 589 3769 etiam
608 3703 801 3768 concilium
825 3703 1075 3785 Moguntinum
1105 3719 1198 3767 auno

91 3808 144 3875 813
160 3813 321 3878 habitum
335 3811 504 3879 Carolum
517 3811 688 3895 Magnum
701 3811 907 3876 nominasse
932 3811 1110 3876 Rectorem
1135 3809 1197 3874 llo-

96 3975 235 3990 ''qu—“a-

152 4125 187 4188 ll)
222 4121 462 4190 Tom.10apr'tul.
478 4139 540 4192 pag.
555 4131 579 4176 6.
592 4127 623 4178 ia
638 4123 757 4192 Capit-al.
772 4123 947 4176 Childeberti
963 4125 1045 4192 regis.

153 4195 189 4260 (2)
224 4195 342 4250 Tormll
355 4193 415 4248 Aer.
434 4196 535 4250 Concit.
550 4197 688 4250 Harduin.
704 4199 756 4249 col.
771 4199 831 4249 tao,

152 4266 187 4336 (3)
225 4269 311 4336 Apud
323 4265 418 4322 eurnd.
432 4267 572 4360 Harduin.
582 4275 650 4322 tom.
663 4267 714 4337 lV,
730 4271 781 4322 col.
796 4270 834 4320 18.
