3024 4994
454 389 456 393 ’
546 418 722 479 -aos-

96 565 149 632 bus
164 571 308 652 propter
321 565 481 650 nuptias,
496 566 540 631 de
558 564 752 647 alimentis,
768 564 812 629 de
825 562 1057 628 successione
1068 560 1194 626 haere·

95 671 220 756 ditaris,
239 673 393 756 aliisque
409 673 446 737 id
462 690 588 756 genus,
620 671 819 755 cognitioni
850 675 959 754 atque
991 668 1196 734 sententiae

94 779 151 842 iori
166 779 280 846 civilis
293 780 442 845 subesse
459 783 622 863 possunt,
639 782 675 843 et
688 780 727 844 ut
743 778 938 862 plurimum
951 777 1057 842 laicis
1066 774 1195 858 Judiei·

93 885 146 950 bus
160 885 316 952 adscribi
329 887 461 952 solent.

168 993 239 1058 120.
290 993 431 1059 Causae
447 995 675 1060 contentiosae
689 993 936 1077 appellantur:
952 991 1042 1058 Iliae
1058 993 1096 1056 in
1123 993 1196 1076 qai·

92 1099 367 1187 dnsjndicr'aliter
380 1103 715 1188 controvertitnrjns
728 1103 766 1165 in
784 1122 839 1166 res
857 1100 1063 1184 temporales
1091 1100 1197 1184 spiri·

92 1208 226 1274 tualibus
260 1210 429 1276 adnexas.
466 1207 641 1275 Omnibus
687 1209 824 1292 liquido
859 1212 961 1291 patet
993 1206 1198 1288 hujusmodi

93 1331 206 1380 causas
222 1316 473 1381 ecclesiastico
487 1316 567 1381 foro
581 1333 663 1383 esse
677 1315 902 1398 tribuendas,
922 1333 964 1380 eo
979 1315 1074 1398 qubd
1099 1315 1198 1379 circa

92 1437 139 1485 res
154 1421 371 1506 temporales
385 1422 430 1487 ob
444 1423 709 1488 connexionem
730 1440 811 1488 cum
840 1421 1091 1506 spiritualibus
1121 1422 1197 1503 jam

92 1529 366 1611 spirituaiizatos,
385 1529 455 1594 hoc
472 1534 540 1612 est,
556 1529 602 1594 ad
629 1529 792 1595 ordinem
825 1529 1050 1612 superiorem
1079 1528 1197 1592 diver-

92 1650 225 1718 samque
247 1634 493 1702 conditionem
526 1637 705 1720 elevatas,
736 1637 961 1719 judicialiter
991 1641 1195 1716 versentur;

92 1741 144 1804 sed
159 1759 214 1807 res
227 1744 522 1828 spiritualieatae‚
543 1744 595 1809 uti
611 1743 699 1808 alibi
713 1743 1056 1825 demonstravimus,
1074 1742 1120 1806 ad
1133 1741 1198 1806 Ec·

93 1846 212 1913 clasiae
227 1854 449 1932 potestatem
468 1851 666 1933 pertiuent;
684 1851 795 1933 igitur
809 1867 943 1914 causae
970 1839 1127 1914 de'hisce
1145 1867 1198 1912 re-

92 1951 146 2016 bus
161 1959 431 2037 pertractantes
445 1955 610 2038 ejusdem
626 1954 815 2020 Ecclesiae
830 1955 968 2037 judicio
993 1954 1197 2036 subjacent,

92 2061 175 2144 quia,
191 2063 298 2146 juxta
316 2064 474 2129 omnium
492 2079 720 2145 consensum,
736 2063 895 2145 cognitio
912 2081 1046 2128 causae
1059 2063 1105 2128 ad
1119 2081 1200 2128 eum

91 2174 244 2250 spectare
262 2170 382 2254 debet,
401 2172 503 2254 cujus
516 2171 762 2253 jurisdictioni
779 2171 945 2253 subjecta
964 2174 1020 2236 est
1051 2190 1123 2255 res,
1157 2171 1200 2236 de

93 2291 151 2356 qus
167 2279 299 2360 agitur.
320 2278 460 2344 Exinde
474 2278 685 2343 Alexander
702 2277 755 2342 ΙΙΙ
775 2279 1055 2362 competentiam
1086 2280 1199 2344 eccle·

92 2382 248 2450 siasticae
263 2385 528 2466 iurisdictionis
541 2387 580 2450 in
593 2387 712 2451 causis
728 2387 965 2451 contentiosis
980 2405 1200 2469 cognoscen-

94 2489 138 2554 dis
154 2492 326 2574 explicite
344 2493 563 2558 declaravit:
595 2491 708 2560 Causa
731 2495 1039 2580 jurispatronatus
1072 2497 1200 2561 itacen-

86 2598 258 2680 jnnctaest
284 2607 315 2665 et
331 2621 484 2666 corneas
504 2600 759 2686 ispiritnalibns
787 2603 912 2685 causis,
945 2603 1035 2686 qnod
1066 2603 1205 2668 nonnisi

92 2704 307 2773 ecclesiastico
314 2708 459 2793 jndicio
475 2707 592 2773 valeat
608 2709 791 2773 terminari
806 2709 866 2790 (1).

167 2811 267 2878 Licet
284 2831 373 2880 vero
403 2815 580 2897 ejusmodi
605 2833 739 2880 causae
764 2817 1044 2901 spirituaiteatae
1068 2834 1202 2881 nuncu-

92 2923 200 3000 patae,
219 2925 344 3004 utpote
358 2939 451 3004 quae
468 2922 512 2986 de
529 2922 638 2986 rebus
656 2923 917 3006 temporalibus
934 2940 1016 2988 cum
1033 2924 1200 3007 spiritua·

92 3023 174 3091 libus
190 3028 314 3094 intime
333 3030 513 3112 copulatis
531 3029 724 3112 disserant,
740 3030 923 3112 judicibus
941 3032 1202 3097 ecclesiasticis

92 3135 226 3216 proprie
253 3154 298 3201 ac
329 3136 492 3219 legitime
525 3143 747 3220 competant;
766 3139 844 3202 sive
874 3139 1038 3221 quaestio
1073 3139 1203 3204 oborta

91 3239 179 3306 circa
190 3245 442 3329 proprietatem
459 3262 523 3310 seu
537 3244 596 3326 jus
608 3247 812 3330 petitoriam
827 3251 1005 3327 versatum
1022 3247 1100 3312 sive
1119 3264 1201 3311 con·
1224 3275 1227 3280 ·

92 3349 192 3413 tentio
204 3347 259 3415 ‘de
272 3352 488 3436 possessione
506 3369 569 3415 seu
594 3352 677 3433 jure
692 3355 906 3436 possessorio
936 3355 1106 3435 agitetur;
1126 3355 1200 3417 ani-

93 3455 379 3523 madvertendum
409 3475 489 3524 esse
519 3458 681 3524 ducimus
714 3459 895 3543 aliquibus
924 3461 1124 3544 provinciis
1141 3462 1203 3525 vel

92 3559 169 3627 locis
185 3564 280 3630 hunc
298 3565 424 3648 vigere
443 3582 591 3631 morem:
612 3565 757 3648 quando
778 3566 955 3647 judicium
969 3569 1203 3653 proprietatis

94 3673 249 3755 estquis
274 3672 318 3737 de
336 3672 562 3755 adquirenda
575 3690 615 3738 re
633 3673 694 3738 vel
711 3672 948 3756 adipiscenda
972 3675 1203 3756 possessione

94 3777 212 3860 agitur,
230 3780 423 3863 praefatae
441 3798 575 3845 causae
593 3780 640 3844 ad
661 3780 821 3861 judicem
840 3781 1128 3846 ecclesiasticum
1148 3800 1202 3848 ro·

94 3884 280 3968 mittuntur;
295 3887 436 3970 quoties
452 3905 538 3952 vero
547 3887 724 3969 judicium
734 3889 965 3972 possessionis
979 3889 1101 3966 fuerit,
1118 3890 1202 3972 quia

94 3987 130 4053 de
145 3994 331 4059 retinenda
347 3995 408 4060 vel
424 3994 677 4077 recuperanda
694 3995 925 4078 possessione
944 4001 1087 4079 agatur,
1104 3996 1201 4077 apud

94 4096 197 4166 lorum
213 4101 323 4168 civile
337 4102 490 4168 tractari
507 4102 636 4168 solent.

155 4360 190 4426 (Ι)
227 4357 296 4427 Gap.
309 4357 327 4412 3
341 4357 473 4448 deJndr'c.
