<?xml version="1.0" encoding="UTF-8"?>
<!DOCTYPE html PUBLIC "-//W3C//DTD XHTML 1.0 Transitional//EN"
    "http://www.w3.org/TR/xhtml1/DTD/xhtml1-transitional.dtd">
<html xmlns="http://www.w3.org/1999/xhtml" xml:lang="en" lang="en">
 <head>
  <title>
</title>
<meta http-equiv="Content-Type" content="text/html;charset=utf-8" />
  <meta name='ocr-system' content='tesseract 3.04.00' />
  <meta name='ocr-capabilities' content='ocr_page ocr_carea ocr_par ocr_line ocrx_word'/>
</head>
<body>
  <div class='ocr_page' id='page_1' title='image "./juspublicumeccl01ferngoog_0469.png"; bbox 0 0 3146 4980; ppageno 0'>
   <div class='ocr_carea' id='block_1_1' title="bbox 748 393 928 454">
    <p class='ocr_par' dir='ltr' id='par_1_1' title="bbox 748 393 928 454">
     <span class='ocr_line' id='line_1_1' title="bbox 748 393 928 454; baseline 0 -14"><span class='ocrx_word' id='word_1_1' title='bbox 748 393 928 454; x_wconf 70' lang='lat'>-450-</span> 
     </span>
    </p>
   </div>
   <div class='ocr_carea' id='block_1_2' title="bbox 280 534 1424 4126">
    <p class='ocr_par' dir='ltr' id='par_1_2' title="bbox 280 534 1417 2200">
     <span class='ocr_line' id='line_1_2' title="bbox 282 534 1414 620; baseline -0.002 -18"><span class='ocrx_word' id='word_1_2' title='bbox 282 537 546 603; x_wconf 80' lang='lat' dir='ltr'><strong>differentismo</strong></span> <span class='ocrx_word' id='word_1_3' title='bbox 565 537 736 620; x_wconf 86' lang='lat' dir='ltr'><strong>religioso</strong></span> <span class='ocrx_word' id='word_1_4' title='bbox 755 537 883 615; x_wconf 88' lang='lat' dir='ltr'><strong>oritur,</strong></span> <span class='ocrx_word' id='word_1_5' title='bbox 904 542 942 602; x_wconf 89' lang='lat' dir='ltr'><strong>ut</strong></span> <span class='ocrx_word' id='word_1_6' title='bbox 958 536 1049 602; x_wconf 86' lang='lat' dir='ltr'><strong>scite</strong></span> <span class='ocrx_word' id='word_1_7' title='bbox 1066 536 1327 602; x_wconf 88' lang='lat' dir='ltr'><strong>animadvertit</strong></span> <span class='ocrx_word' id='word_1_8' title='bbox 1343 534 1414 601; x_wconf 87' lang='lat' dir='ltr'><strong>Ca·</strong></span> 
     </span>
     <span class='ocr_line' id='line_1_3' title="bbox 282 643 1414 727; baseline -0.002 -19"><span class='ocrx_word' id='word_1_9' title='bbox 282 646 426 727; x_wconf 86' lang='lat' dir='ltr'><strong>vagnis,</strong></span> <span class='ocrx_word' id='word_1_10' title='bbox 444 653 623 726; x_wconf 88' lang='lat' dir='ltr'><strong>quatenus</strong></span> <span class='ocrx_word' id='word_1_11' title='bbox 641 649 825 726; x_wconf 79' lang='lat' dir='ltr'>supponat</span> <span class='ocrx_word' id='word_1_12' title='bbox 842 659 966 708; x_wconf 91' lang='lat' dir='ltr'><strong>omnes</strong></span> <span class='ocrx_word' id='word_1_13' title='bbox 997 643 1194 725; x_wconf 82' lang='lat' dir='ltr'><strong>religiones</strong></span> <span class='ocrx_word' id='word_1_14' title='bbox 1223 661 1338 724; x_wconf 90' lang='lat' dir='ltr'><strong>aeque</strong></span> <span class='ocrx_word' id='word_1_15' title='bbox 1369 659 1414 706; x_wconf 86' lang='lat' dir='ltr'><strong>se</strong></span> 
     </span>
     <span class='ocr_line' id='line_1_4' title="bbox 282 748 1413 831; baseline -0.003 -15"><span class='ocrx_word' id='word_1_16' title='bbox 282 751 431 830; x_wconf 84' lang='lat' dir='ltr'><strong>habere,</strong></span> <span class='ocrx_word' id='word_1_17' title='bbox 445 750 574 815; x_wconf 90' lang='lat' dir='ltr'><strong>saltem</strong></span> <span class='ocrx_word' id='word_1_18' title='bbox 590 767 654 830; x_wconf 89' lang='lat' dir='ltr'><strong>pro</strong></span> <span class='ocrx_word' id='word_1_19' title='bbox 669 749 739 814; x_wconf 88' lang='lat' dir='ltr'><strong>ilne</strong></span> <span class='ocrx_word' id='word_1_20' title='bbox 753 749 893 828; x_wconf 86' lang='lat' dir='ltr'><strong>sociali;</strong></span> <span class='ocrx_word' id='word_1_21' title='bbox 910 750 968 814; x_wconf 90' lang='lat' dir='ltr'><strong>vel</strong></span> <span class='ocrx_word' id='word_1_22' title='bbox 984 767 1007 812; x_wconf 88' lang='lat' dir='ltr'><strong>a</strong></span> <span class='ocrx_word' id='word_1_23' title='bbox 1020 750 1252 831; x_wconf 88' lang='lat' dir='ltr'><strong>scepticismo</strong></span> <span class='ocrx_word' id='word_1_24' title='bbox 1266 748 1413 830; x_wconf 86' lang='lat' dir='ltr'><strong>religio-</strong></span> 
     </span>
     <span class='ocr_line' id='line_1_5' title="bbox 282 854 1413 939; baseline -0.003 -18"><span class='ocrx_word' id='word_1_25' title='bbox 282 875 323 921; x_wconf 95' lang='lat' dir='ltr'><strong>so</strong></span> <span class='ocrx_word' id='word_1_26' title='bbox 342 858 518 939; x_wconf 77' lang='lat' dir='ltr'><strong>originem</strong></span> <span class='ocrx_word' id='word_1_27' title='bbox 534 857 828 937; x_wconf 86' lang='lat' dir='ltr'><strong>ducit,quatenus</strong></span> <span class='ocrx_word' id='word_1_28' title='bbox 838 854 931 919; x_wconf 86' lang='lat' dir='ltr'><strong>falso</strong></span> <span class='ocrx_word' id='word_1_29' title='bbox 946 855 1055 918; x_wconf 92' lang='lat' dir='ltr'><strong>etiam</strong></span> <span class='ocrx_word' id='word_1_30' title='bbox 1070 862 1222 919; x_wconf 89' lang='lat' dir='ltr'><strong>censeat</strong></span> <span class='ocrx_word' id='word_1_31' title='bbox 1233 855 1315 920; x_wconf 89' lang='lat' dir='ltr'><strong>inre</strong></span> <span class='ocrx_word' id='word_1_32' title='bbox 1328 855 1413 918; x_wconf 90' lang='lat' dir='ltr'><strong>reli·</strong></span> 
     </span>
     <span class='ocr_line' id='line_1_6' title="bbox 282 960 1414 1048; baseline -0.001 -21"><span class='ocrx_word' id='word_1_33' title='bbox 282 965 386 1048; x_wconf 86' lang='lat' dir='ltr'><strong>giosa</strong></span> <span class='ocrx_word' id='word_1_34' title='bbox 404 963 531 1028; x_wconf 89' lang='lat' dir='ltr'><strong>haberi</strong></span> <span class='ocrx_word' id='word_1_35' title='bbox 545 981 615 1028; x_wconf 90' lang='lat' dir='ltr'><strong>non</strong></span> <span class='ocrx_word' id='word_1_36' title='bbox 632 980 737 1044; x_wconf 87' lang='lat' dir='ltr'><strong>posse</strong></span> <span class='ocrx_word' id='word_1_37' title='bbox 751 961 979 1042; x_wconf 78' lang='lat' dir='ltr'><strong>cognitiones</strong></span> <span class='ocrx_word' id='word_1_38' title='bbox 991 961 1177 1026; x_wconf 82' lang='lat' dir='ltr'><strong>socialiter</strong></span> <span class='ocrx_word' id='word_1_39' title='bbox 1194 969 1327 1041; x_wconf 87' lang='lat' dir='ltr'><strong>certas,</strong></span> <span class='ocrx_word' id='word_1_40' title='bbox 1343 960 1414 1026; x_wconf 88' lang='lat' dir='ltr'><strong>sed</strong></span> 
     </span>
     <span class='ocr_line' id='line_1_7' title="bbox 282 1068 1413 1152; baseline -0.004 -18"><span class='ocrx_word' id='word_1_41' title='bbox 282 1079 421 1134; x_wconf 87' lang='lat' dir='ltr'><strong>tantum</strong></span> <span class='ocrx_word' id='word_1_42' title='bbox 435 1070 637 1152; x_wconf 90' lang='lat' dir='ltr'><strong>opiniones;</strong></span> <span class='ocrx_word' id='word_1_43' title='bbox 650 1073 679 1146; x_wconf 80' lang='lat'><strong>⁸)</strong></span> <span class='ocrx_word' id='word_1_44' title='bbox 694 1068 849 1149; x_wconf 83' lang='lat' dir='ltr'><strong>denique</strong></span> <span class='ocrx_word' id='word_1_45' title='bbox 863 1068 949 1149; x_wconf 88' lang='lat' dir='ltr'><strong>quia</strong></span> <span class='ocrx_word' id='word_1_46' title='bbox 960 1068 1218 1150; x_wconf 88' lang='lat' dir='ltr'><strong>supponitdari</strong></span> <span class='ocrx_word' id='word_1_47' title='bbox 1233 1085 1338 1149; x_wconf 91' lang='lat' dir='ltr'><strong>posse</strong></span> <span class='ocrx_word' id='word_1_48' title='bbox 1349 1085 1413 1131; x_wconf 90' lang='lat' dir='ltr'><strong>ve·</strong></span> 
     </span>
     <span class='ocr_line' id='line_1_8' title="bbox 281 1174 1412 1258; baseline -0.004 -16"><span class='ocrx_word' id='word_1_49' title='bbox 281 1195 321 1242; x_wconf 94' lang='lat' dir='ltr'><strong>re</strong></span> <span class='ocrx_word' id='word_1_50' title='bbox 338 1187 375 1240; x_wconf 92' lang='lat' dir='ltr'><strong>et</strong></span> <span class='ocrx_word' id='word_1_51' title='bbox 389 1175 545 1258; x_wconf 78' lang='lat' dir='ltr'><strong>juridice</strong></span> <span class='ocrx_word' id='word_1_52' title='bbox 560 1185 718 1240; x_wconf 86' lang='lat' dir='ltr'><strong>mutuam</strong></span> <span class='ocrx_word' id='word_1_53' title='bbox 735 1174 1055 1256; x_wconf 88' lang='lat' dir='ltr'><strong>independentiam</strong></span> <span class='ocrx_word' id='word_1_54' title='bbox 1069 1175 1164 1238; x_wconf 92' lang='lat' dir='ltr'><strong>inter</strong></span> <span class='ocrx_word' id='word_1_55' title='bbox 1190 1174 1281 1238; x_wconf 88' lang='lat' dir='ltr'><strong>duas</strong></span> <span class='ocrx_word' id='word_1_56' title='bbox 1310 1180 1412 1255; x_wconf 92' lang='lat' dir='ltr'><strong>pote·</strong></span> 
     </span>
     <span class='ocr_line' id='line_1_9' title="bbox 282 1280 1414 1364; baseline 0 -18"><span class='ocrx_word' id='word_1_57' title='bbox 282 1291 396 1347; x_wconf 89' lang='lat' dir='ltr'><strong>states</strong></span> <span class='ocrx_word' id='word_1_58' title='bbox 409 1299 597 1364; x_wconf 87' lang='lat' dir='ltr'><strong>supremas</strong></span> <span class='ocrx_word' id='word_1_59' title='bbox 612 1299 656 1346; x_wconf 91' lang='lat' dir='ltr'><strong>ac</strong></span> <span class='ocrx_word' id='word_1_60' title='bbox 673 1280 972 1362; x_wconf 89' lang='lat' dir='ltr'><strong>independentes;</strong></span> <span class='ocrx_word' id='word_1_61' title='bbox 991 1281 1125 1345; x_wconf 88' lang='lat' dir='ltr'><strong>etenim</strong></span> <span class='ocrx_word' id='word_1_62' title='bbox 1141 1299 1221 1346; x_wconf 87' lang='lat' dir='ltr'><strong>cum</strong></span> <span class='ocrx_word' id='word_1_63' title='bbox 1239 1297 1414 1362; x_wconf 86' lang='lat' dir='ltr'><strong>exsurge·</strong></span> 
     </span>
     <span class='ocr_line' id='line_1_10' title="bbox 287 1386 1413 1470; baseline -0.004 -16"><span class='ocrx_word' id='word_1_64' title='bbox 287 1397 369 1454; x_wconf 88' lang='lat' dir='ltr'><strong>rent</strong></span> <span class='ocrx_word' id='word_1_65' title='bbox 386 1389 576 1454; x_wconf 87' lang='lat' dir='ltr'><strong>conflictus</strong></span> <span class='ocrx_word' id='word_1_66' title='bbox 595 1389 689 1452; x_wconf 92' lang='lat' dir='ltr'><strong>inter</strong></span> <span class='ocrx_word' id='word_1_67' title='bbox 708 1395 925 1470; x_wconf 89' lang='lat' dir='ltr'><strong>potestatem</strong></span> <span class='ocrx_word' id='word_1_68' title='bbox 944 1387 1091 1452; x_wconf 87' lang='lat' dir='ltr'><strong>civilem</strong></span> <span class='ocrx_word' id='word_1_69' title='bbox 1122 1392 1159 1451; x_wconf 92' lang='lat' dir='ltr'><strong>et</strong></span> <span class='ocrx_word' id='word_1_70' title='bbox 1190 1386 1413 1452; x_wconf 87' lang='lat' dir='ltr'><strong>ecclesiasti·</strong></span> 
     </span>
     <span class='ocr_line' id='line_1_11' title="bbox 284 1493 1415 1578; baseline -0.001 -19"><span class='ocrx_word' id='word_1_71' title='bbox 284 1513 377 1575; x_wconf 87' lang='lat' dir='ltr'><strong>cam,</strong></span> <span class='ocrx_word' id='word_1_72' title='bbox 409 1495 505 1578; x_wconf 92' lang='lat' dir='ltr'><strong>quod</strong></span> <span class='ocrx_word' id='word_1_73' title='bbox 533 1495 746 1576; x_wconf 84' lang='lat' dir='ltr'><strong>saepissime</strong></span> <span class='ocrx_word' id='word_1_74' title='bbox 779 1494 914 1574; x_wconf 86' lang='lat' dir='ltr'><strong>evenit,</strong></span> <span class='ocrx_word' id='word_1_75' title='bbox 940 1501 1034 1558; x_wconf 90' lang='lat' dir='ltr'><strong>teste</strong></span> <span class='ocrx_word' id='word_1_76' title='bbox 1061 1493 1274 1576; x_wconf 89' lang='lat' dir='ltr'><strong>quotidiana</strong></span> <span class='ocrx_word' id='word_1_77' title='bbox 1301 1511 1415 1574; x_wconf 81' lang='lat' dir='ltr'><strong>expe·</strong></span> 
     </span>
     <span class='ocr_line' id='line_1_12' title="bbox 282 1600 1416 1684; baseline -0.002 -18"><span class='ocrx_word' id='word_1_78' title='bbox 282 1603 428 1682; x_wconf 88' lang='lat' dir='ltr'><strong>rientia,</strong></span> <span class='ocrx_word' id='word_1_79' title='bbox 463 1601 523 1666; x_wconf 91' lang='lat' dir='ltr'><strong>vel</strong></span> <span class='ocrx_word' id='word_1_80' title='bbox 541 1617 724 1684; x_wconf 87' lang='lat' dir='ltr'><strong>nunquam</strong></span> <span class='ocrx_word' id='word_1_81' title='bbox 753 1601 997 1682; x_wconf 88' lang='lat' dir='ltr'><strong>solverentur,</strong></span> <span class='ocrx_word' id='word_1_82' title='bbox 1017 1600 1112 1684; x_wconf 91' lang='lat' dir='ltr'><strong>quod</strong></span> <span class='ocrx_word' id='word_1_83' title='bbox 1129 1611 1255 1664; x_wconf 90' lang='lat' dir='ltr'><strong>rectae</strong></span> <span class='ocrx_word' id='word_1_84' title='bbox 1277 1601 1416 1664; x_wconf 86' lang='lat' dir='ltr'><strong>rationi</strong></span> 
     </span>
     <span class='ocr_line' id='line_1_13' title="bbox 283 1707 1417 1789; baseline 0 -17"><span class='ocrx_word' id='word_1_85' title='bbox 283 1709 503 1789; x_wconf 63' lang='lat' dir='ltr'><strong>refragatum</strong></span> <span class='ocrx_word' id='word_1_86' title='bbox 524 1708 584 1772; x_wconf 91' lang='lat' dir='ltr'><strong>vel</strong></span> <span class='ocrx_word' id='word_1_87' title='bbox 603 1708 802 1772; x_wconf 88' lang='lat' dir='ltr'><strong>auctoritas</strong></span> <span class='ocrx_word' id='word_1_88' title='bbox 819 1707 993 1789; x_wconf 89' lang='lat' dir='ltr'><strong>religiosa</strong></span> <span class='ocrx_word' id='word_1_89' title='bbox 1012 1707 1259 1789; x_wconf 73' lang='lat' dir='ltr'><strong>praevaleret,</strong></span> <span class='ocrx_word' id='word_1_90' title='bbox 1278 1715 1314 1770; x_wconf 91' lang='lat' dir='ltr'><strong>et</strong></span> <span class='ocrx_word' id='word_1_91' title='bbox 1333 1707 1417 1786; x_wconf 89' lang='lat' dir='ltr'><strong>jam</strong></span> 
     </span>
     <span class='ocr_line' id='line_1_14' title="bbox 283 1813 1417 1895; baseline -0.002 -17"><span class='ocrx_word' id='word_1_92' title='bbox 283 1813 404 1878; x_wconf 87' lang='lat' dir='ltr'><strong>Status</strong></span> <span class='ocrx_word' id='word_1_93' title='bbox 421 1831 523 1877; x_wconf 90' lang='lat' dir='ltr'><strong>suam</strong></span> <span class='ocrx_word' id='word_1_94' title='bbox 541 1813 861 1895; x_wconf 87' lang='lat' dir='ltr'><strong>independentiam</strong></span> <span class='ocrx_word' id='word_1_95' title='bbox 877 1815 1062 1878; x_wconf 82' lang='lat' dir='ltr'><strong>amitteret</strong></span> <span class='ocrx_word' id='word_1_96' title='bbox 1075 1821 1111 1877; x_wconf 89' lang='lat' dir='ltr'><strong>et</strong></span> <span class='ocrx_word' id='word_1_97' title='bbox 1127 1813 1317 1880; x_wconf 80' lang='lat' dir='ltr'><strong>Ecclesiae</strong></span> <span class='ocrx_word' id='word_1_98' title='bbox 1329 1814 1417 1877; x_wconf 89' lang='lat' dir='ltr'><strong>sub-</strong></span> 
     </span>
     <span class='ocr_line' id='line_1_15' title="bbox 280 1918 1414 2002; baseline 0 -18"><span class='ocrx_word' id='word_1_99' title='bbox 280 1922 434 2002; x_wconf 87' lang='lat' dir='ltr'><strong>jaceret;</strong></span> <span class='ocrx_word' id='word_1_100' title='bbox 464 1920 524 1986; x_wconf 91' lang='lat' dir='ltr'><strong>vel</strong></span> <span class='ocrx_word' id='word_1_101' title='bbox 555 1921 789 2001; x_wconf 81' lang='lat' dir='ltr'><strong>praevaleret</strong></span> <span class='ocrx_word' id='word_1_102' title='bbox 823 1921 1022 1986; x_wconf 88' lang='lat' dir='ltr'><strong>auctoritas</strong></span> <span class='ocrx_word' id='word_1_103' title='bbox 1052 1920 1172 1985; x_wconf 89' lang='lat' dir='ltr'><strong>civilis</strong></span> <span class='ocrx_word' id='word_1_104' title='bbox 1200 1918 1414 1986; x_wconf 74' lang='lat' dir='ltr'><strong>contrane-</strong></span> 
     </span>
     <span class='ocr_line' id='line_1_16' title="bbox 286 2025 1417 2109; baseline -0.001 -18"><span class='ocrx_word' id='word_1_105' title='bbox 286 2027 435 2092; x_wconf 87' lang='lat' dir='ltr'><strong>olesiam</strong></span> <span class='ocrx_word' id='word_1_106' title='bbox 453 2035 489 2090; x_wconf 89' lang='lat' dir='ltr'><strong>et</strong></span> <span class='ocrx_word' id='word_1_107' title='bbox 507 2033 592 2090; x_wconf 91' lang='lat' dir='ltr'><strong>tunc</strong></span> <span class='ocrx_word' id='word_1_108' title='bbox 611 2025 702 2092; x_wconf 89' lang='lat' dir='ltr'><strong>haec</strong></span> <span class='ocrx_word' id='word_1_109' title='bbox 719 2027 766 2091; x_wconf 87' lang='lat' dir='ltr'><strong>ab</strong></span> <span class='ocrx_word' id='word_1_110' title='bbox 779 2025 881 2092; x_wconf 88' lang='lat' dir='ltr'><strong>Statu</strong></span> <span class='ocrx_word' id='word_1_111' title='bbox 896 2026 1001 2092; x_wconf 89' lang='lat' dir='ltr'><strong>fieret</strong></span> <span class='ocrx_word' id='word_1_112' title='bbox 1018 2027 1241 2109; x_wconf 91' lang='lat' dir='ltr'><strong>dependens,</strong></span> <span class='ocrx_word' id='word_1_113' title='bbox 1261 2027 1311 2090; x_wconf 92' lang='lat' dir='ltr'><strong>uti</strong></span> <span class='ocrx_word' id='word_1_114' title='bbox 1327 2043 1417 2090; x_wconf 91' lang='lat' dir='ltr'><strong>oon·</strong></span> 
     </span>
     <span class='ocr_line' id='line_1_17' title="bbox 286 2133 909 2200; baseline 0 -2"><span class='ocrx_word' id='word_1_115' title='bbox 286 2134 401 2200; x_wconf 88' lang='lat' dir='ltr'><strong>tendit</strong></span> <span class='ocrx_word' id='word_1_116' title='bbox 417 2133 678 2198; x_wconf 89' lang='lat' dir='ltr'><strong>Liberalismus</strong></span> <span class='ocrx_word' id='word_1_117' title='bbox 712 2135 909 2198; x_wconf 86' lang='lat' dir='ltr'><strong>absolutus.</strong></span> 
     </span>
    </p>

    <p class='ocr_par' dir='ltr' id='par_1_3' title="bbox 284 2240 1417 2518">
     <span class='ocr_line' id='line_1_18' title="bbox 371 2240 1417 2323; baseline -0.001 -18"><span class='ocrx_word' id='word_1_118' title='bbox 371 2241 414 2306; x_wconf 92' lang='lat' dir='ltr'><strong>In</strong></span> <span class='ocrx_word' id='word_1_119' title='bbox 451 2259 678 2323; x_wconf 88' lang='lat' dir='ltr'><strong>quacumque</strong></span> <span class='ocrx_word' id='word_1_120' title='bbox 711 2241 822 2322; x_wconf 88' lang='lat' dir='ltr'><strong>igitur</strong></span> <span class='ocrx_word' id='word_1_121' title='bbox 846 2240 1040 2323; x_wconf 87' lang='lat' dir='ltr'><strong>hypothesi</strong></span> <span class='ocrx_word' id='word_1_122' title='bbox 1072 2241 1235 2304; x_wconf 85' lang='lat' dir='ltr'><strong>falsitate</strong></span> <span class='ocrx_word' id='word_1_123' title='bbox 1266 2241 1417 2304; x_wconf 88' lang='lat' dir='ltr'><strong>laborat</strong></span> 
     </span>
     <span class='ocr_line' id='line_1_19' title="bbox 284 2347 1415 2429; baseline -0.002 -17"><span class='ocrx_word' id='word_1_124' title='bbox 284 2355 482 2429; x_wconf 89' lang='lat' dir='ltr'><strong>conceptus</strong></span> <span class='ocrx_word' id='word_1_125' title='bbox 511 2347 819 2429; x_wconf 88' lang='lat' dir='ltr'><strong>independentiae</strong></span> <span class='ocrx_word' id='word_1_126' title='bbox 844 2347 1026 2428; x_wconf 90' lang='lat' dir='ltr'><strong>juridicae</strong></span> <span class='ocrx_word' id='word_1_127' title='bbox 1056 2351 1094 2410; x_wconf 89' lang='lat' dir='ltr'><strong>et</strong></span> <span class='ocrx_word' id='word_1_128' title='bbox 1124 2356 1272 2411; x_wconf 88' lang='lat' dir='ltr'><strong>mutuae</strong></span> <span class='ocrx_word' id='word_1_129' title='bbox 1302 2363 1415 2428; x_wconf 89' lang='lat' dir='ltr'><strong>quam</strong></span> 
     </span>
     <span class='ocr_line' id='line_1_20' title="bbox 286 2451 955 2518; baseline 0 -1"><span class='ocrx_word' id='word_1_130' title='bbox 286 2453 440 2517; x_wconf 81' lang='lat' dir='ltr'><strong>adstruit</strong></span> <span class='ocrx_word' id='word_1_131' title='bbox 457 2451 717 2518; x_wconf 86' lang='lat' dir='ltr'><strong>Liberalismus</strong></span> <span class='ocrx_word' id='word_1_132' title='bbox 735 2453 955 2518; x_wconf 88' lang='lat' dir='ltr'><strong>moderatus.</strong></span> 
     </span>
    </p>

    <p class='ocr_par' dir='ltr' id='par_1_4' title="bbox 285 2559 1418 2836">
     <span class='ocr_line' id='line_1_21' title="bbox 373 2559 1418 2641; baseline 0.002 -19"><span class='ocrx_word' id='word_1_133' title='bbox 373 2559 426 2623; x_wconf 64' lang='lat'><strong>2⁰</strong></span> <span class='ocrx_word' id='word_1_134' title='bbox 441 2560 560 2624; x_wconf 73' lang='lat' dir='ltr'><strong>Nomio</strong></span> <span class='ocrx_word' id='word_1_135' title='bbox 583 2565 648 2641; x_wconf 90' lang='lat' dir='ltr'><strong>est,</strong></span> <span class='ocrx_word' id='word_1_136' title='bbox 664 2569 737 2624; x_wconf 89' lang='lat' dir='ltr'><strong>tum</strong></span> <span class='ocrx_word' id='word_1_137' title='bbox 751 2561 920 2624; x_wconf 87' lang='lat' dir='ltr'><strong>societati</strong></span> <span class='ocrx_word' id='word_1_138' title='bbox 937 2559 1145 2641; x_wconf 86' lang='lat' dir='ltr'><strong>religiosae,</strong></span> <span class='ocrx_word' id='word_1_139' title='bbox 1165 2565 1239 2623; x_wconf 93' lang='lat' dir='ltr'><strong>tum</strong></span> <span class='ocrx_word' id='word_1_140' title='bbox 1258 2560 1418 2624; x_wconf 89' lang='lat' dir='ltr'><strong>societa-</strong></span> 
     </span>
     <span class='ocr_line' id='line_1_22' title="bbox 285 2666 1417 2750; baseline 0.001 -21"><span class='ocrx_word' id='word_1_141' title='bbox 285 2667 310 2730; x_wconf 89' lang='lat' dir='ltr'><strong>ti</strong></span> <span class='ocrx_word' id='word_1_142' title='bbox 326 2667 438 2747; x_wconf 90' lang='lat' dir='ltr'><strong>civili;</strong></span> <span class='ocrx_word' id='word_1_143' title='bbox 458 2667 554 2732; x_wconf 83' lang='lat' dir='ltr'><strong>enirn</strong></span> <span class='ocrx_word' id='word_1_144' title='bbox 572 2668 608 2731; x_wconf 92' lang='lat' dir='ltr'><strong>in</strong></span> <span class='ocrx_word' id='word_1_145' title='bbox 623 2667 810 2732; x_wconf 78' lang='lat' dir='ltr'><strong>Ecclesiae</strong></span> <span class='ocrx_word' id='word_1_146' title='bbox 840 2667 1114 2750; x_wconf 88' lang='lat' dir='ltr'><strong>oppressionem</strong></span> <span class='ocrx_word' id='word_1_147' title='bbox 1142 2666 1274 2730; x_wconf 90' lang='lat' dir='ltr'><strong>recidit</strong></span> <span class='ocrx_word' id='word_1_148' title='bbox 1302 2675 1417 2749; x_wconf 88' lang='lat' dir='ltr'><strong>atque</strong></span> 
     </span>
     <span class='ocr_line' id='line_1_23' title="bbox 285 2771 856 2836; baseline -0.002 -1"><span class='ocrx_word' id='word_1_149' title='bbox 285 2774 320 2836; x_wconf 90' lang='lat' dir='ltr'><strong>in</strong></span> <span class='ocrx_word' id='word_1_150' title='bbox 337 2771 459 2836; x_wconf 88' lang='lat' dir='ltr'><strong>Status</strong></span> <span class='ocrx_word' id='word_1_151' title='bbox 478 2771 647 2836; x_wconf 89' lang='lat' dir='ltr'><strong>damnum</strong></span> <span class='ocrx_word' id='word_1_152' title='bbox 665 2771 856 2836; x_wconf 88' lang='lat' dir='ltr'><strong>redundat.</strong></span> 
     </span>
    </p>

    <p class='ocr_par' dir='ltr' id='par_1_5' title="bbox 284 2877 1424 4126">
     <span class='ocr_line' id='line_1_24' title="bbox 374 2877 1420 2960; baseline 0.002 -20"><span class='ocrx_word' id='word_1_153' title='bbox 374 2878 637 2943; x_wconf 86' lang='lat' dir='ltr'><strong>Detrimentum</strong></span> <span class='ocrx_word' id='word_1_154' title='bbox 658 2879 769 2941; x_wconf 85' lang='lat' dir='ltr'><strong>affert</strong></span> <span class='ocrx_word' id='word_1_155' title='bbox 797 2877 986 2943; x_wconf 78' lang='lat' dir='ltr'><strong>Ecclesiae:</strong></span> <span class='ocrx_word' id='word_1_156' title='bbox 1003 2880 1030 2957; x_wconf 75' lang='lat'><strong>⁸)</strong></span> <span class='ocrx_word' id='word_1_157' title='bbox 1045 2878 1131 2960; x_wconf 89' lang='lat' dir='ltr'><strong>quia</strong></span> <span class='ocrx_word' id='word_1_158' title='bbox 1154 2877 1270 2958; x_wconf 87' lang='lat' dir='ltr'><strong>ipsam</strong></span> <span class='ocrx_word' id='word_1_159' title='bbox 1290 2877 1420 2958; x_wconf 89' lang='lat' dir='ltr'><strong>privat</strong></span> 
     </span>
     <span class='ocr_line' id='line_1_25' title="bbox 284 2983 1417 3066; baseline 0.002 -20"><span class='ocrx_word' id='word_1_160' title='bbox 284 2986 444 3066; x_wconf 86' lang='lat' dir='ltr'><strong>positiva</strong></span> <span class='ocrx_word' id='word_1_161' title='bbox 462 2985 701 3065; x_wconf 88' lang='lat' dir='ltr'><strong>protectione,</strong></span> <span class='ocrx_word' id='word_1_162' title='bbox 722 3001 816 3064; x_wconf 89' lang='lat' dir='ltr'><strong>quae</strong></span> <span class='ocrx_word' id='word_1_163' title='bbox 825 2984 908 3064; x_wconf 88' lang='lat' dir='ltr'><strong>jure</strong></span> <span class='ocrx_word' id='word_1_164' title='bbox 922 2983 1094 3065; x_wconf 84' lang='lat' dir='ltr'><strong>naturali,</strong></span> <span class='ocrx_word' id='word_1_165' title='bbox 1111 2983 1417 3064; x_wconf 87' lang='lat' dir='ltr'><strong>divino-positivo</strong></span> 
     </span>
     <span class='ocr_line' id='line_1_26' title="bbox 285 3087 1419 3171; baseline 0.001 -18"><span class='ocrx_word' id='word_1_166' title='bbox 285 3099 321 3153; x_wconf 89' lang='lat' dir='ltr'><strong>et</strong></span> <span class='ocrx_word' id='word_1_167' title='bbox 335 3090 489 3154; x_wconf 88' lang='lat' dir='ltr'><strong>humano</strong></span> <span class='ocrx_word' id='word_1_168' title='bbox 507 3091 623 3154; x_wconf 91' lang='lat' dir='ltr'><strong>eidem</strong></span> <span class='ocrx_word' id='word_1_169' title='bbox 638 3089 802 3170; x_wconf 87' lang='lat' dir='ltr'><strong>debetur;</strong></span> <span class='ocrx_word' id='word_1_170' title='bbox 819 3087 846 3168; x_wconf 75' lang='lat'><strong>¹²)</strong></span> <span class='ocrx_word' id='word_1_171' title='bbox 861 3091 946 3171; x_wconf 91' lang='lat' dir='ltr'><strong>quia</strong></span> <span class='ocrx_word' id='word_1_172' title='bbox 959 3089 1081 3154; x_wconf 88' lang='lat' dir='ltr'><strong>Status</strong></span> <span class='ocrx_word' id='word_1_173' title='bbox 1096 3089 1216 3155; x_wconf 88' lang='lat' dir='ltr'><strong>civilis</strong></span> <span class='ocrx_word' id='word_1_174' title='bbox 1232 3090 1419 3170; x_wconf 81' lang='lat' dir='ltr'><strong>huiusmo-</strong></span> 
     </span>
     <span class='ocr_line' id='line_1_27' title="bbox 286 3195 1420 3279; baseline 0.004 -21"><span class='ocrx_word' id='word_1_175' title='bbox 286 3195 321 3258; x_wconf 87' lang='lat' dir='ltr'><strong>di</strong></span> <span class='ocrx_word' id='word_1_176' title='bbox 341 3195 508 3260; x_wconf 91' lang='lat' dir='ltr'><strong>absoluta</strong></span> <span class='ocrx_word' id='word_1_177' title='bbox 527 3196 810 3276; x_wconf 90' lang='lat' dir='ltr'><strong>independentia</strong></span> <span class='ocrx_word' id='word_1_178' title='bbox 823 3197 971 3260; x_wconf 85' lang='lat' dir='ltr'><strong>fulcitus</strong></span> <span class='ocrx_word' id='word_1_179' title='bbox 986 3197 1087 3279; x_wconf 87' lang='lat' dir='ltr'><strong>leges</strong></span> <span class='ocrx_word' id='word_1_180' title='bbox 1101 3215 1186 3260; x_wconf 91' lang='lat' dir='ltr'><strong>suas</strong></span> <span class='ocrx_word' id='word_1_181' title='bbox 1200 3196 1323 3261; x_wconf 90' lang='lat' dir='ltr'><strong>condit</strong></span> <span class='ocrx_word' id='word_1_182' title='bbox 1340 3215 1420 3262; x_wconf 91' lang='lat' dir='ltr'><strong>non</strong></span> 
     </span>
     <span class='ocr_line' id='line_1_28' title="bbox 287 3301 1421 3385; baseline 0.003 -21"><span class='ocrx_word' id='word_1_183' title='bbox 287 3302 403 3365; x_wconf 89' lang='lat' dir='ltr'><strong>solum</strong></span> <span class='ocrx_word' id='word_1_184' title='bbox 422 3303 466 3365; x_wconf 91' lang='lat' dir='ltr'><strong>ab</strong></span> <span class='ocrx_word' id='word_1_185' title='bbox 483 3301 649 3365; x_wconf 87' lang='lat' dir='ltr'><strong>Ecclesia</strong></span> <span class='ocrx_word' id='word_1_186' title='bbox 669 3302 970 3383; x_wconf 85' lang='lat' dir='ltr'><strong>praescindendo,</strong></span> <span class='ocrx_word' id='word_1_187' title='bbox 995 3305 1248 3367; x_wconf 90' lang='lat' dir='ltr'><strong>verumetiam</strong></span> <span class='ocrx_word' id='word_1_188' title='bbox 1276 3304 1421 3385; x_wconf 86' lang='lat' dir='ltr'><strong>passim</strong></span> 
     </span>
     <span class='ocr_line' id='line_1_29' title="bbox 287 3409 1422 3492; baseline 0.001 -19"><span class='ocrx_word' id='word_1_189' title='bbox 287 3411 321 3473; x_wconf 88' lang='lat' dir='ltr'><strong>ei</strong></span> <span class='ocrx_word' id='word_1_190' title='bbox 335 3409 698 3488; x_wconf 90' lang='lat' dir='ltr'><strong>contradicendo,vel</strong></span> <span class='ocrx_word' id='word_1_191' title='bbox 715 3409 823 3490; x_wconf 92' lang='lat' dir='ltr'><strong>culpa</strong></span> <span class='ocrx_word' id='word_1_192' title='bbox 840 3410 1105 3491; x_wconf 85' lang='lat' dir='ltr'><strong>legislatorum,</strong></span> <span class='ocrx_word' id='word_1_193' title='bbox 1121 3412 1182 3492; x_wconf 90' lang='lat' dir='ltr'><strong>qui</strong></span> <span class='ocrx_word' id='word_1_194' title='bbox 1196 3413 1232 3474; x_wconf 90' lang='lat' dir='ltr'><strong>iu</strong></span> <span class='ocrx_word' id='word_1_195' title='bbox 1250 3429 1290 3475; x_wconf 91' lang='lat' dir='ltr'><strong>re</strong></span> <span class='ocrx_word' id='word_1_196' title='bbox 1303 3411 1422 3474; x_wconf 86' lang='lat' dir='ltr'><strong>autin</strong></span> 
     </span>
     <span class='ocr_line' id='line_1_30' title="bbox 288 3515 1423 3599; baseline 0.004 -22"><span class='ocrx_word' id='word_1_197' title='bbox 288 3515 394 3578; x_wconf 87' lang='lat' dir='ltr'><strong>modo</strong></span> <span class='ocrx_word' id='word_1_198' title='bbox 412 3515 545 3578; x_wconf 90' lang='lat' dir='ltr'><strong>limites</strong></span> <span class='ocrx_word' id='word_1_199' title='bbox 574 3515 891 3595; x_wconf 87' lang='lat' dir='ltr'><strong>transgrediuntur</strong></span> <span class='ocrx_word' id='word_1_200' title='bbox 923 3515 1041 3580; x_wconf 86' lang='lat' dir='ltr'><strong>Statui</strong></span> <span class='ocrx_word' id='word_1_201' title='bbox 1070 3518 1321 3599; x_wconf 89' lang='lat' dir='ltr'><strong>praestitutos,</strong></span> <span class='ocrx_word' id='word_1_202' title='bbox 1351 3519 1423 3582; x_wconf 88' lang='lat' dir='ltr'><strong>vel</strong></span> 
     </span>
     <span class='ocr_line' id='line_1_31' title="bbox 287 3620 1424 3704; baseline 0.004 -22"><span class='ocrx_word' id='word_1_203' title='bbox 287 3626 439 3702; x_wconf 91' lang='lat' dir='ltr'><strong>propter</strong></span> <span class='ocrx_word' id='word_1_204' title='bbox 452 3621 569 3701; x_wconf 88' lang='lat' dir='ltr'><strong>ipsam</strong></span> <span class='ocrx_word' id='word_1_205' title='bbox 585 3620 639 3682; x_wconf 89' lang='lat' dir='ltr'><strong>rei</strong></span> <span class='ocrx_word' id='word_1_206' title='bbox 652 3629 835 3700; x_wconf 88' lang='lat' dir='ltr'><strong>naturam,</strong></span> <span class='ocrx_word' id='word_1_207' title='bbox 854 3638 935 3684; x_wconf 91' lang='lat' dir='ltr'><strong>cum</strong></span> <span class='ocrx_word' id='word_1_208' title='bbox 951 3639 1065 3704; x_wconf 89' lang='lat' dir='ltr'><strong>saepe</strong></span> <span class='ocrx_word' id='word_1_209' title='bbox 1083 3623 1285 3687; x_wconf 83' lang='lat' dir='ltr'><strong>obveniant</strong></span> <span class='ocrx_word' id='word_1_210' title='bbox 1303 3626 1424 3686; x_wconf 89' lang='lat' dir='ltr'><strong>mate-</strong></span> 
     </span>
     <span class='ocr_line' id='line_1_32' title="bbox 288 3725 1422 3807; baseline 0.002 -18"><span class='ocrx_word' id='word_1_211' title='bbox 288 3727 366 3790; x_wconf 89' lang='lat' dir='ltr'><strong>riae</strong></span> <span class='ocrx_word' id='word_1_212' title='bbox 385 3725 521 3788; x_wconf 87' lang='lat' dir='ltr'><strong>mixtae</strong></span> <span class='ocrx_word' id='word_1_213' title='bbox 539 3725 585 3788; x_wconf 90' lang='lat' dir='ltr'><strong>ad</strong></span> <span class='ocrx_word' id='word_1_214' title='bbox 602 3732 793 3807; x_wconf 87' lang='lat' dir='ltr'><strong>utrumque</strong></span> <span class='ocrx_word' id='word_1_215' title='bbox 812 3726 929 3790; x_wconf 84' lang='lat' dir='ltr'><strong>forum</strong></span> <span class='ocrx_word' id='word_1_216' title='bbox 947 3727 1158 3807; x_wconf 90' lang='lat' dir='ltr'><strong>attinentes,</strong></span> <span class='ocrx_word' id='word_1_217' title='bbox 1179 3729 1240 3792; x_wconf 90' lang='lat' dir='ltr'><strong>vel</strong></span> <span class='ocrx_word' id='word_1_218' title='bbox 1272 3728 1422 3791; x_wconf 87' lang='lat' dir='ltr'><strong>ratione</strong></span> 
     </span>
     <span class='ocr_line' id='line_1_33' title="bbox 290 3831 1423 3913; baseline 0.001 -18"><span class='ocrx_word' id='word_1_219' title='bbox 290 3831 458 3913; x_wconf 86' lang='lat' dir='ltr'><strong>subjecti,</strong></span> <span class='ocrx_word' id='word_1_220' title='bbox 476 3831 572 3912; x_wconf 90' lang='lat' dir='ltr'><strong>quod</strong></span> <span class='ocrx_word' id='word_1_221' title='bbox 589 3831 724 3912; x_wconf 93' lang='lat' dir='ltr'><strong>duplici</strong></span> <span class='ocrx_word' id='word_1_222' title='bbox 739 3838 776 3895; x_wconf 91' lang='lat' dir='ltr'><strong>et</strong></span> <span class='ocrx_word' id='word_1_223' title='bbox 788 3831 934 3896; x_wconf 90' lang='lat' dir='ltr'><strong>diverso</strong></span> <span class='ocrx_word' id='word_1_224' title='bbox 949 3832 1068 3898; x_wconf 86' lang='lat' dir='ltr'><strong>officio</strong></span> <span class='ocrx_word' id='word_1_225' title='bbox 1086 3833 1303 3898; x_wconf 83' lang='lat' dir='ltr'><strong>satisfacere</strong></span> <span class='ocrx_word' id='word_1_226' title='bbox 1317 3841 1423 3896; x_wconf 90' lang='lat' dir='ltr'><strong>tene-</strong></span> 
     </span>
     <span class='ocr_line' id='line_1_34' title="bbox 288 3936 1423 4023; baseline 0.004 -23"><span class='ocrx_word' id='word_1_227' title='bbox 288 3941 365 4018; x_wconf 88' lang='lat' dir='ltr'><strong>tur;</strong></span> <span class='ocrx_word' id='word_1_228' title='bbox 379 3939 406 4021; x_wconf 79' lang='grc' dir='ltr'><strong>ο)</strong></span> <span class='ocrx_word' id='word_1_229' title='bbox 425 3937 509 4020; x_wconf 90' lang='lat' dir='ltr'><strong>quia</strong></span> <span class='ocrx_word' id='word_1_230' title='bbox 526 3938 571 4000; x_wconf 91' lang='lat' dir='ltr'><strong>ob</strong></span> <span class='ocrx_word' id='word_1_231' title='bbox 589 3936 814 4019; x_wconf 87' lang='lat' dir='ltr'><strong>praedictam</strong></span> <span class='ocrx_word' id='word_1_232' title='bbox 828 3939 949 4020; x_wconf 87' lang='lat' dir='ltr'><strong>legum</strong></span> <span class='ocrx_word' id='word_1_233' title='bbox 985 3940 1253 4023; x_wconf 89' lang='lat' dir='ltr'><strong>oppositionem</strong></span> <span class='ocrx_word' id='word_1_234' title='bbox 1285 3939 1423 4005; x_wconf 91' lang='lat' dir='ltr'><strong>crebro</strong></span> 
     </span>
     <span class='ocr_line' id='line_1_35' title="bbox 288 4043 1424 4126; baseline 0.004 -20"><span class='ocrx_word' id='word_1_235' title='bbox 288 4044 339 4122; x_wconf 87' lang='lat' dir='ltr'><strong>tlt,</strong></span> <span class='ocrx_word' id='word_1_236' title='bbox 359 4050 397 4104; x_wconf 91' lang='lat' dir='ltr'><strong>ut</strong></span> <span class='ocrx_word' id='word_1_237' title='bbox 410 4043 536 4107; x_wconf 89' lang='lat' dir='ltr'><strong>eadem</strong></span> <span class='ocrx_word' id='word_1_238' title='bbox 555 4061 724 4125; x_wconf 87' lang='lat' dir='ltr'><strong>persona,</strong></span> <span class='ocrx_word' id='word_1_239' title='bbox 743 4061 837 4126; x_wconf 89' lang='lat' dir='ltr'><strong>quae</strong></span> <span class='ocrx_word' id='word_1_240' title='bbox 856 4045 963 4109; x_wconf 92' lang='lat' dir='ltr'><strong>simul</strong></span> <span class='ocrx_word' id='word_1_241' title='bbox 981 4053 1037 4110; x_wconf 86' lang='lat' dir='ltr'><strong>est</strong></span> <span class='ocrx_word' id='word_1_242' title='bbox 1050 4047 1215 4110; x_wconf 89' lang='lat' dir='ltr'><strong>subditus</strong></span> <span class='ocrx_word' id='word_1_243' title='bbox 1226 4046 1424 4112; x_wconf 81' lang='lat' dir='ltr'><strong>Ecclesiae</strong></span> 
     </span>
    </p>
   </div>
   <div class='ocr_carea' id='block_1_3' title="bbox 287 4147 1427 4344">
    <p class='ocr_par' dir='ltr' id='par_1_6' title="bbox 287 4147 1427 4344">
     <span class='ocr_line' id='line_1_36' title="bbox 288 4147 1425 4234; baseline 0.006 -24"><span class='ocrx_word' id='word_1_244' title='bbox 288 4153 325 4210; x_wconf 91' lang='lat' dir='ltr'><strong>et</strong></span> <span class='ocrx_word' id='word_1_245' title='bbox 342 4147 432 4210; x_wconf 88' lang='lat' dir='ltr'><strong>civis</strong></span> <span class='ocrx_word' id='word_1_246' title='bbox 450 4149 584 4230; x_wconf 83' lang='lat' dir='ltr'><strong>Status,</strong></span> <span class='ocrx_word' id='word_1_247' title='bbox 603 4156 755 4231; x_wconf 88' lang='lat' dir='ltr'><strong>cogatur</strong></span> <span class='ocrx_word' id='word_1_248' title='bbox 773 4167 910 4232; x_wconf 89' lang='lat' dir='ltr'><strong>poenas</strong></span> <span class='ocrx_word' id='word_1_249' title='bbox 937 4152 1072 4234; x_wconf 87' lang='lat' dir='ltr'><strong>subire,</strong></span> <span class='ocrx_word' id='word_1_250' title='bbox 1093 4152 1300 4234; x_wconf 90' lang='lat' dir='ltr'><strong>damnaque</strong></span> <span class='ocrx_word' id='word_1_251' title='bbox 1329 4159 1425 4218; x_wconf 92' lang='lat' dir='ltr'><strong>tem-</strong></span> 
     </span>
     <span class='ocr_line' id='line_1_37' title="bbox 287 4250 1427 4344; baseline 0.011 -31"><span class='ocrx_word' id='word_1_252' title='bbox 287 4250 429 4332; x_wconf 87' lang='lat' dir='ltr'><strong>poralia</strong></span> <span class='ocrx_word' id='word_1_253' title='bbox 442 4255 586 4335; x_wconf 89' lang='lat' dir='ltr'><strong>perpeti</strong></span> <span class='ocrx_word' id='word_1_254' title='bbox 613 4255 659 4317; x_wconf 92' lang='lat' dir='ltr'><strong>ad</strong></span> <span class='ocrx_word' id='word_1_255' title='bbox 687 4265 887 4339; x_wconf 86' lang='lat' dir='ltr'><strong>praecepta</strong></span> <span class='ocrx_word' id='word_1_256' title='bbox 918 4259 1092 4340; x_wconf 85' lang='lat' dir='ltr'><strong>religiosa</strong></span> <span class='ocrx_word' id='word_1_257' title='bbox 1125 4259 1325 4344; x_wconf 85' lang='lat' dir='ltr'><strong>implenda,</strong></span> <span class='ocrx_word' id='word_1_258' title='bbox 1356 4262 1427 4326; x_wconf 88' lang='lat' dir='ltr'><strong>vel</strong></span> 
     </span>
    </p>
   </div>
   <div class='ocr_carea' id='block_1_4' title="bbox 0 0 1579 4980">
    <p class='ocr_par' dir='ltr' id='par_1_7' title="bbox 0 0 1579 4980">
     <span class='ocr_line' id='line_1_38' title="bbox 0 0 1579 4980; baseline 0 0"><span class='ocrx_word' id='word_1_259' title='bbox 0 0 1579 4980; x_wconf 95' lang='lat' dir='ltr'><strong> </strong></span> 
     </span>
    </p>
   </div>
  </div>
 </body>
</html>
