3034 4990
527 468 563 478 —
581 425 644 490 'att
669 466 705 477 -

70 577 220 642 bationes
239 579 386 658 allatae,
406 595 575 659 suprema
587 576 840 659 jurisdictione
858 576 892 639 in
919 574 1085 639 Ecclesia
1099 575 1171 657 pol

70 684 196 762 let,n0n
212 686 364 750 haberet
377 686 625 767 magisterium
640 685 934 749 auctorita-tivum
950 685 1174 767 simulacque

70 791 417 872 irrfallibile,tantum
435 793 640 874 gnbernare
659 794 802 858 valeret
834 798 972 873 partem
1004 793 1171 874 hominis,

69 898 223 962 nimirum
253 902 492 981 voluntatem,
523 919 640 964 mores
682 899 910 964 informando
951 900 1172 963 salutaribus

69 1008 274 1089 praeceptis,
291 1009 526 1089 actionesque
545 1014 717 1071 externas
737 1006 893 1070 fidelium
913 1007 1053 1088 legibus
1071 1006 1174 1070 disci-

68 1114 255 1191 plinaribus
271 1113 504 1193 moderando;
529 1115 592 1179 sed
622 1119 778 1180 mentem
810 1115 1004 1177 humanam
1031 1114 1175 1178 minime

68 1220 260 1299 gubernare
275 1228 399 1303 posset
416 1225 540 1285 rectae
558 1221 641 1284 fidei
654 1220 894 1300 institutione,
914 1225 992 1284 tuta
1009 1221 1176 1285 veritatis

70 1327 298 1392 affirmatione
317 1333 352 1391 et
366 1332 572 1410 opportuna
591 1345 755 1392 errorum
770 1326 1013 1390 damnatione:
1033 1327 1127 1392 unde
1140 1328 1174 1390 in
1241 1388 1242 1394 ,

69 1433 183 1498 ordine
198 1435 438 1498 intellectuali
453 1434 625 1497 limitibus
641 1433 1000 1496 circumscriberetur
1014 1437 1175 1515 potestas

69 1542 286 1623 primatialiS,
302 1546 339 1605 et
354 1543 429 1622 jam
445 1560 516 1604 nou
536 1546 631 1604 esset
648 1557 818 1622 suprema
834 1539 871 1602 in
887 1538 1059 1620 regendo.

147 1649 272 1728 Quoad
284 1649 435 1728 modum,
456 1647 753 1730 quandoquidem
772 1646 931 1708 etiamin
956 1645 1081 1708 ordine
1105 1663 1176 1708 mo-

74 1755 135 1817 rali
152 1773 193 1818 ac
205 1755 384 1837 practico,
400 1756 442 1832 si,
462 1772 542 1818 cum
558 1754 739 1817 Romanus
752 1752 919 1815 Pontifex
944 1752 1044 1833 leges
1073 1751 1177 1814 disci-

70 1861 219 1939 plinares
238 1862 365 1925 ederet
383 1866 492 1942 atque
516 1859 796 1942 praescriberet,
831 1876 955 1922 errare
987 1862 1111 1940 posset
1142 1858 1178 1921 in

70 1967 142 2049 lide,
160 1970 195 2032 in
212 1968 388 2032 societate
402 1967 601 2031 christiana
620 1967 779 2029 existere
799 1965 949 2028 deberet
972 1965 1070 2028 aliud
1098 1965 1176 2028 sub·

68 2077 205 2158 jectum,
225 2078 305 2140 sive
323 2076 513 2158 physicum
531 2075 777 2154 sivemeralc,
798 2073 1016 2136 auctoritate
1038 2071 1178 2154 praedi·

71 2189 136 2246 turn
151 2183 361 2265 Supremam
376 2183 563 2245 Pastorem
580 2180 775 2262 aliquando
792 2179 1010 2260 corrigendi,
1026 2178 1178 2260 ideoque

72 2294 179 2353 actum
196 2294 293 2354 esset
310 2291 354 2354 de
371 2291 596 2372 suprematia
630 2295 738 2371 atque
766 2287 1049 2370 independentia
1077 2287 1178 2352 Pote-

71 2398 399 2462 statisPontiliciae.
859 2478 860 2481 Ἴ

151 2506 222 2570 174.
271 2507 327 2570 Ex
341 2511 520 2588 conceptu
535 2506 767 2569 monarchico
783 2505 978 2568 Potestatis
993 2503 1180 2568 Ecclesiae

73 2611 133 2675 duo
149 2615 374 2678 consectaria
391 2613 538 2677 maximi
557 2613 729 2676 momenti
749 2613 947 2692 dimanant,
969 2611 1068 2675 aliud
1085 2632 1178 2696 peae-

73 2721 149 2801 rale,
167 2721 263 2785 aliud
291 2722 518 2801 particulare.

153 2829 378 2894 Generaliter:
396 2827 426 2890 si
443 2827 562 2890 forma
579 2824 821 2889 ecclesiastici
838 2824 1021 2905 regiminis
1040 2842 1179 2887 monar-

74 2935 166 3001 chica
180 2942 247 3018 est,
267 2936 420 3017 ideoque
439 2939 603 3016 potestas
618 2932 807 2995 Pontificia
821 2931 927 2994 unica
953 2937 988 2993 et
1012 2948 1180 3012 suprema

76 3043 259 3129 irrependo
278 3051 389 3125 atque
407 3042 571 3122 doeeudo,
593 3059 638 3104 ex
656 3040 726 3103 hac
745 3040 824 3121 ipsa
855 3040 1013 3103 veritate
1046 3040 1181 3122 absque

75 3153 212 3230 speciali
241 3150 554 3216 demonstratione
588 3150 750 3229 sequitur
787 3149 938 3228 occlusa,
965 3149 1119 3233 refutata
1147 3154 1183 3211 et

75 3256 227 3324 daumero
246 3276 325 3323 esse
343 3259 464 3320 omnia
481 3261 681 3339 systemata
715 3273 869 3319 erronea
888 3255 986 3319 circa
1015 3262 1182 3318 naturam

76 3368 107 3424 et
121 3368 408 3431 constitutionem
423 3365 623 3444 Ecclesiae,
640 3381 746 3445 quare,
764 3362 1035 3445 perspicuitatis
1048 3363 1180 3443 gratia,

77 3469 114 3530 ad
126 3488 185 3535 sex
199 3491 335 3555 genera
350 3473 517 3536 revocari
531 3479 694 3552 possunt,
708 3470 892 3533 videlicet:
903 3470 1180 3548 democraticum,

77 3579 610 3662 aristocralicum-presbiteram,
659 3576 1179 3657 aristocratirumepisccpalc,

76 3688 308 3768 repulislicum,
326 3687 808 3752 morrarcbicumercluar'aum
828 3692 863 3746 et
878 3685 1142 3747 alatolutrieum.

153 3794 195 3858 Et
208 3796 350 3878 quidem
364 3796 585 3859 Potestatem
593 3793 801 3877 Supremam
817 3793 973 3854 limitare
986 3794 1181 3872 nequeunt:

80 3897 120 3960 l.⁰
136 3920 248 3986 neq-ue
261 3906 414 3988 popalus
432 3903 655 3982 christianum
676 3901 759 3963 hinc
777 3901 927 3979 exclusi,
959 3899 1106 3962 refutati
1139 3916 1182 3962 ac

80 4003 224 4073 damnati
241 4017 422 4092 apparent
451 4009 763 4084 Marsiliauismus,
797 4006 1114 4069 Protestantismus
1148 4011 1183 4069 et

80 4107 382 4180 Richcrianismus:
401 4116 455 4179 2.⁰
469 4133 586 4196 neque
598 4115 793 4199 presbyteri
811 4131 871 4176 seu
889 4113 1118 4175 aristocratia
1132 4114 1182 4175 in·

81 4218 189 4303 terior3
203 4224 285 4287 inde
304 4226 487 4303 exclusae,
507 4226 684 4287 refutatus
704 4229 813 4304 atque
828 4222 1018 4285 damnatus
1033 4222 1182 4302 Presby-

81 4329 307 4396 terianisrnus:
329 4333 381 4396 3.⁰
401 4349 517 4414 neque
532 4332 712 4416 Epiempa
733 4330 814 4393 inde
845 4331 995 4410 exclusi,
1023 4330 1182 4409 refutati,
