3120 4988
784 389 938 448 ..32-

301 554 345 602 ac
361 535 628 620 irrefragabilis
645 535 873 602 Summarum
902 531 1116 600 Pontificum
1149 535 1328 602 doctrina:
1362 555 1426 600 au-

301 644 653 728 diamushacsuper
686 661 725 708 re
756 641 825 707 duo
855 641 1017 725 pretiosa
1042 648 1079 707 et
1110 643 1297 709 luculenta
1326 645 1424 708 testi-

301 752 422 818 monia
454 770 500 818 ex
531 750 689 834 antiquis
723 749 947 832 temporibus
980 755 1178 834 nostraque
1207 753 1332 816 aetate
1364 750 1426 816 de·

300 863 458 942 sumpta.

390 965 425 1032 S.
441 965 609 1032 Gelasius
628 965 727 1047 Papa
746 964 791 1027 ad
809 965 1067 1047 imperatorem
1085 965 1319 1031 Anastasium
1336 968 1424 1032 scri·

300 1075 391 1140 bens
404 1075 457 1138 sic
474 1073 683 1156 alloquitur:
707 1072 783 1138 Duo
801 1079 893 1150 suut,
913 1071 1105 1156 imperator
1118 1069 1282 1158 Auguste,
1301 1076 1425 1158 quibua

295 1180 544 1267 principaliter
562 1179 708 1244 muudus
724 1179 779 1243 Itt'c
795 1179 927 1264 rept‘tur
941 1181 1135 1245 auctoritas
1152 1200 1256 1246 sacra
1284 1181 1425 1247 Pontia-

301 1307 389 1369 cum,
407 1287 579 1372 etrapalir
592 1291 747 1370 potestas
765 1283 826 1364 (1).

388 1393 435 1457 At
446 1391 697 1457 recentissima
712 1395 838 1456 nostra
855 1393 979 1454 aetate
996 1389 1288 1473 sapientissimus
1303 1391 1424 1458 Ponti-

301 1502 363 1566 fex
379 1499 452 1565 Leo
466 1499 554 1564 XIII
572 1499 607 1563 in
624 1499 731 1563 toties
746 1497 897 1563 laudata
910 1503 947 1563 et
961 1497 1118 1562 mirabili
1134 1497 1332 1580 Encyclica
1356 1500 1423 1564 Im-

300 1609 444 1676 mortale
458 1609 527 1673 Dei
540 1625 663 1672 rursus
678 1607 855 1672 declarat:
874 1608 970 1672 Deua
982 1607 1142 1672 humanis
1153 1608 1289 1693 pauoris
1302 1627 1426 1690 procu·

300 1719 470 1783 rationem
487 1717 577 1780 inter
594 1717 682 1782 duaa
706 1722 897 1800 potestator
920 1718 1079 1800 partitus
1107 1722 1168 1796 eat,
1202 1715 1343 1796 scilicet,
1375 1735 1425 1779 ac-

301 1825 530 1890 clcaiasticam
545 1830 577 1888 et
602 1823 748 1904 ciuilem,
779 1823 1079 1907 alteramqutdem
1103 1823 1246 1904 dietata,
1276 1823 1426 1888 atteram

300 1931 461 1997 humanis
477 1932 824 2016 rebuspraepoaitam
842 1931 899 2014 (2).

391 2037 446 2103 28.
493 2037 692 2120 Postremo,
725 2038 873 2104 veritati
906 2037 1017 2102 thesis
1050 2039 1261 2102 enuntiatae
1296 2039 1425 2118 aperte

301 2145 553 2228 suffragantur
570 2144 639 2226 ipsi
652 2162 795 2228 quoque
808 2144 1055 2228 Imperatores
1068 2149 1105 2209 ct
1117 2143 1306 2209 christiani
1320 2143 1419 2207 Prin·

302 2254 413 2336 cipes,
431 2252 493 2335 qui
512 2251 598 2316 data
616 2252 808 2316 occasione
825 2252 861 2316 in
892 2252 967 2317 suis
1000 2252 1175 2335 epistolis,
1196 2251 1338 2332 legibus
1368 2253 1422 2315 at·

302 2378 372 2445 que
389 2359 673 2424 resolutionibus
691 2359 867 2440 ejusmodi
885 2358 1089 2424 doctrinam
1115 2359 1159 2422 de
1191 2357 1426 2422 distinctione

298 2465 457 2551 juridica
474 2471 510 2530 et
528 2466 714 2530 essentiali
730 2465 920 2531 Ecclesiae
941 2467 1116 2550 explicite
1149 2465 1423 2546 outrilrmarunt3

302 2575 496 2640 brevitatis
513 2573 632 2656 gratia
652 2591 759 2638 unum
775 2573 836 2638 vel
854 2573 1009 2639 alterum
1025 2573 1320 2639 memorabimus.

391 2680 649 2746 Constantinus
667 2679 819 2763 Magnus
836 2682 1017 2764 episcopis
1050 2680 1186 2744 arlanis
1220 2678 1425 2761 supplicem

303 2788 465 2854 libellum
490 2787 608 2854 aldem
638 2787 940 2852 offerentibusita
968 2791 1171 2869 opportune
1187 2787 1223 2850 et
1238 2785 1426 2867 sapienter

302 2897 476 2979 reposuit:
498 2895 616 2961 “Deus
645 2913 711 2960 vos
735 2895 922 2960 constituIt
949 2893 1159 2959 sacerdotes
1192 2897 1230 2957 et
1263 2897 1425 2974 potesta·

304 3008 376 3069 tem
388 3005 492 3070 vobis
510 3002 609 3068 dedit
621 3002 666 3068 de
680 3004 782 3068 uobis
800 3020 943 3086 quoque
957 3001 1160 3085 Judicandi3
1179 3005 1216 3065 et
1244 2999 1326 3064 idea
1359 3017 1426 3064 nos

305 3129 327 3174 a
340 3109 443 3174 vobis
461 3113 559 3174 recte
570 3109 787 3192 Judicamur;
808 3127 873 3175 vos
890 3113 1012 3173 autem
1029 3125 1102 3172 non
1116 3106 1268 3191 potestis
1285 3106 1331 3170 ab
1364 3105 1425 3170 lm-

305 3217 460 3282 minibus
471 3216 662 3302 judicari„
683 3219 743 3297 (3).

394 3324 598 3407 Imperator
630 3325 812 3390 Honorius
841 3325 992 3389 fratrem
1023 3340 1127 3388 suum
1158 3320 1356 3386 Arcadium
1390 3321 1427 3385 in

307 3429 456 3498 Oriente
484 3440 672 3514 regentem
698 3431 934 3496 vehementer
967 3427 1249 3512 reprehendens,
1268 3443 1311 3492 eo
1330 3427 1428 3510 quod

306 3537 341 3602 S.
360 3537 579 3621 EpIscopum
597 3537 1039 3620 constantinopolitanum
1055 3535 1234 3601 Joaunem
1250 3533 1427 3617 Chrysas-

307 3649 441 3710 tomum
459 3647 495 3710 in
511 3646 659 3712 exilium
674 3648 808 3728 egisset
827 3645 968 3726 ‘judicio
995 3643 1177 3709 saeculari
1194 3643 1353 3724 innixus,
1373 3641 1426 3707 sic

307 3750 354 3814 ad
371 3768 451 3816 eum
478 3754 649 3838 loquitur:
671 3753 780 3820 “Cum
796 3754 826 3818 si
839 3753 925 3837 quid
941 3753 986 3818 du
999 3769 1111 3817 causa
1123 3750 1311 3833 religionis
1329 3749 1427 3815 iuter

308 3858 489 3925 antistites
506 3864 690 3944 ageretur,
702 3861 911 3946 episcopale
924 3863 1127 3945 oportuerit
1139 3877 1220 3926 esse
1232 3859 1425 3942 judicium;

321 4009 467 4016 -.—-——-.-—-

380 4163 418 4228 (1)
454 4160 542 4229 Epist.
553 4161 590 4214 ad
603 4161 698 4215 Artaat.
710 4163 832 4230 inruerat.
847 4180 922 4216 antro
936 4165 995 4217 tul.

380 4235 421 4302 (i)
457 4234 570 4296 Eurycl.
581 4230 739 4286 Iurmurirtlc
755 4233 816 4300 Dei,
826 4235 843 4302 θ
853 4233 951 4301 Itaptre
968 4235 1051 4288 Deua.

382 4303 420 4372 (8)
458 4303 578 4360 Rufinus
591 4305 620 4358 iu
631 4303 705 4358 ffot.
720 4303 792 4359 Eccl.
802 4307 849 4360 lib.
864 4307 885 4374 1,
898 4323 958 4374 cap.
973 4307 998 4360 *2.
