3120 4988
810 415 964 475 -50..

327 564 451 648 thesis,
468 581 575 648 quam
589 567 844 645 sustentamus,
862 564 1005 645 partem
1021 560 1262 628 evincendam
1275 561 1445 630 devenia-

328 691 419 738 mus.

417 779 471 844 39.
521 778 641 842 Prima
659 795 756 860 pars,
776 793 870 860 quac
888 776 1131 858 majoritatem
1149 773 1339 841 Ecclesiae
1360 794 1447 860 prae

328 887 503 951 societate
516 885 616 948 civili
631 883 761 948 asserit
777 883 812 946 in
826 883 869 946 iis
887 882 1051 946 omnibus
1069 881 1115 946 ad
1143 865 1253 947 linem
1285 883 1448 947 ultimum

327 991 619 1074 respicientibus,
637 992 831 1054 veritatem
850 988 1069 1054 catholicam
1104 990 1249 1053 omnino
1279 989 1448 1072 proliten-

329 1100 411 1164 dam
430 1099 532 1163 nobis
550 1097 709 1178 exbibet,
730 1114 795 1179 pro
813 1113 885 1178 qua
902 1097 1060 1162 militant
1082 1096 1311 1160 validissima
1343 1113 1448 1178 argu-

329 1215 451 1272 menta
464 1223 509 1270 ex
527 1205 640 1270 Sacra
657 1205 858 1287 Scriptura,
876 1222 984 1270 sensu
1003 1204 1229 1268 traditionali
1243 1209 1280 1268 et
1294 1203 1376 1286 ipsa
1394 1221 1449 1268 ra·

330 1315 427 1380 tione
440 1312 643 1396 desumpta.

419 1420 468 1486 1.⁰
517 1421 638 1486 Verba
656 1420 762 1484 toties
780 1421 950 1502 repetita,
969 1421 1099 1504 quibus
1133 1419 1296 1486 Christus
1329 1417 1449 1483 Domi·

330 1547 396 1594 nus
414 1529 669 1594 auctoritatem
689 1545 909 1610 supremam,
925 1535 1141 1611 perpetuam
1156 1537 1265 1611 atque
1279 1527 1450 1592 infallibi-

330 1637 398 1701 lem
418 1637 454 1702 in
485 1655 550 1702 sua
565 1637 730 1700 Ecclesia
762 1637 917 1700 instituit
932 1673 971 1683 -
984 1637 1215 1722 quodcumque
1230 1637 1395 1724 liqueat-is
1410 1670 1450 1682 -

330 1763 558 1826 quaecumque
575 1743 1121 1828 ullipaueritis—docate-mitio
1137 1764 1196 1810 vos
1209 1763 1360 1828 —pasce
1373 1763 1451 1808 ovea

330 1851 601 1934 meas—pascite
618 1851 675 1932 qui
692 1850 728 1914 ia
746 1851 840 1916 cobis
858 1857 907 1915 esi
923 1870 1056 1936 prepara
1076 1851 1154 1930 Dei,
1191 1857 1265 1932 etc,
1297 1850 1450 1912 societa-

329 1959 357 2021 ti
390 1957 551 2021 divinam
597 1975 700 2021 suam
736 1957 940 2021 missionem
975 1965 1237 2038 prosecuturae
1271 1955 1452 2038 triplicem

330 2071 549 2148 potestatem
567 2065 771 2146 legiferam,
787 2063 997 2144 judicialem
1013 2071 1049 2128 et
1077 2066 1313 2129 coercitivam
1331 2063 1451 2127 conie-

330 2183 414 2238 ruut
429 2183 501 2237 tum
517 2173 635 2256 quoad
650 2191 773 2236 ornnes
788 2172 1018 2254 christianos,
1036 2181 1107 2238 turn
1123 2173 1232 2238 etiam
1247 2171 1365 2255 quoad
1380 2189 1451 2235 oni-

331 2283 392 2346 nia
409 2298 503 2364 quae
516 2281 562 2344 ad
579 2281 840 2345 conscientiam
875 2281 1138 2362 religionemve
1167 2287 1346 2372 spectant.
1383 2278 1452 2343 Sed

331 2407 389 2454 res
407 2389 535 2453 civiles
553 2395 589 2452 et
607 2390 754 2470 negotia
771 2389 989 2469 temporalia
1007 2405 1271 2470 saepenumero
1298 2386 1344 2450 ad
1369 2404 1452 2450 con-

332 2497 522 2561 scientiam
539 2496 826 2578 religionemque
845 2496 1055 2578 respiciunt,
1075 2497 1160 2577 quia
1178 2495 1223 2558 ad
1242 2494 1347 2558 finem
1373 2494 1452 2558 ulti·

332 2622 426 2668 mum
446 2613 482 2668 et
499 2603 814 2686 supernaturalem
833 2603 961 2666 referri
981 2612 1142 2685 possunt,
1163 2609 1341 2686 quatenus
1371 2618 1453 2666 con·

332 2711 464 2777 formio
479 2711 537 2774 vel
552 2710 735 2774 difformis
748 2717 832 2774 sunt
844 2711 917 2792 legi
931 2711 1089 2790 divinae,
1100 2710 1178 2773 sive
1189 2709 1360 2788 naturali,
1376 2711 1454 2773 sive

332 2819 526 2902 positivae,
547 2817 648 2898 cujus
665 2817 922 2898 interpretatio
941 2825 976 2880 et
996 2815 1161 2880 custodie
1187 2816 1233 2879 ad
1253 2813 1454 2878 Ecclesiam

333 2927 520 2990 exclusive
536 2927 703 3006 pertinet.
725 2923 839 3005 Igitur
855 2923 891 2987 iu
911 2924 954 2986 iis
973 2923 1079 2987 rebus
1098 2923 1206 2987 etiarn
1224 2923 1393 2986 civilibus
1412 2939 1454 2984 ac

333 3033 607 3116 temporalibus,
623 3050 716 3114 qttae
730 3049 810 3095 cum
824 3033 1047 3095 conscientia
1064 3037 1100 3094 et
1118 3031 1294 3112 religione
1309 3030 1453 3094 relatio-

334 3159 415 3204 nem
429 3140 576 3218 habent,
595 3139 748 3220 ideoque
767 3157 846 3202 cum
865 3139 934 3202 fine
967 3155 1135 3220 supremo
1170 3155 1215 3201 ac
1246 3137 1453 3201 necessario

334 3265 396 3311 seu
411 3253 561 3310 aeterna
579 3245 696 3309 salute
715 3264 857 3328 quoquo
878 3244 981 3309 ruodo
1000 3247 1280 3327 conjunguntur,
1298 3245 1454 3308 societas

334 3355 453 3420 civilis
470 3354 619 3436 ejusque
633 3355 809 3435 ”potestas
829 3351 1016 3417 Ecclesiae
1033 3354 1329 3432 subordinantur,
1366 3359 1453 3415 iam·

335 3481 441 3546 quarn
459 3461 625 3525 societati
644 3461 771 3542 majori
791 3461 896 3524 iiuetn
916 3461 1056 3525 altioris
1072 3461 1209 3525 ordinis
1224 3459 1378 3524 curanti.

423 3570 475 3633 2⁰
522 3567 654 3632 Sensus
687 3568 953 3649 irrefragabilis
996 3567 1199 3630 catholicae
1234 3566 1453 3648 traditionis,

335 3694 477 3742 necnon
495 3683 673 3758 perpetua
686 3675 914 3756 antiquita-tis
929 3673 1151 3739 christianae
1180 3675 1362 3739 sententia
1386 3673 1457 3737 hac

335 3802 444 3866 super
461 3801 501 3847 re
520 3801 565 3848 ex
584 3783 718 3865 triplici
736 3785 835 3847 tonte
850 3783 1079 3864 apertissime
1097 3789 1253 3866 constat,
1273 3783 1454 3863 nimirum,

335 3910 382 3957 ex
410 3891 629 3955 auctoritate
645 3889 705 3955 SS.
724 3890 883 3972 Petrum,
903 3889 1059 3955 decretis
1077 3891 1316 3956 Romanorum
1337 3889 1457 3954 Ponti-

335 4001 442 4065 ficum
459 4004 495 4062 et
512 3999 699 4063 Ecclesiae
713 3999 831 4080 praxi.

424 4111 460 4186 a)
508 4105 631 4172 Sancti
661 4105 788 4171 Patres
814 4111 850 4170 et
878 4105 1067 4172 Ecclesiae
1092 4107 1271 4172 Doctores
1296 4105 1458 4171 unanimi

336 4232 514 4280 consensu
533 4214 663 4278 docent
691 4215 904 4279 societatem
922 4215 1068 4280 civilem
1087 4216 1237 4297 ejusque
1265 4215 1459 4297 imperium

336 4322 524 4388 Ecclesiae
550 4323 697 4387 subesse
726 4322 872 4404 debere,
892 4321 1194 4405 quemadmodum
1221 4340 1352 4404 corpus
1381 4323 1458 4387 ani·
