3024 4994
326 543 457 612 be'atur
473 544 616 612 ratioin
644 545 723 612 loro
757 545 951 629 saeculari,
983 547 1110 613 merito
1139 546 1286 614 easdem
1308 546 1433 631 jndicio

326 653 576 719 ecclesiastico
594 669 675 719 esse
691 651 950 739 delegandae,
972 655 1020 738 (i)

416 759 489 826 118.
535 757 605 826 Sed
619 777 700 826 cum
716 778 788 826 non
804 777 928 826 omnes
944 760 1231 826 matrimoniales
1245 779 1376 826 causae
1387 762 1432 826 in·

326 866 600 934 discriminatim
618 872 655 934 et
671 867 838 934 absolute
863 867 1052 934 Ecclesiae
1080 867 1217 951 iudicio
1235 869 1383 952 subsint,
1399 868 1431 933 ti·
1496 917 1497 920 ,

326 972 448 1039 nlendi
473 973 594 1057 gratie
612 992 792 1059 quaenam
819 973 866 1040 ad
897 973 1015 1040 iorum
1046 975 1335 1042 ecclesiasticum
1359 975 1431 1040 etti·

326 1084 452 1164 neant,
483 1099 665 1166 quaenam
693 1081 900 1148 verolaicis
920 1081 1104 1166 judicibus
1121 1087 1341 1166 competant,
1370 1083 1432 1147 tria

326 1205 408 1256 curn
424 1187 621 1256 Benedicto
649 1189 735 1257 XIV
748 1189 1005 1273 distinguenda
1017 1200 1101 1256 sunt
1117 1207 1308 1256 causarum
1322 1189 1431 1256 matri·

326 1295 537 1362 monialium
554 1313 702 1381 genera:
725 1295 912 1382 “Aliquae,
928 1299 980 1362 ait
1004 1297 1232 1363 doctissimus
1263 1297 1430 1378 Pontifex,

326 1407 522 1470 versantur
538 1405 637 1470 circa
664 1404 744 1470 initi
771 1404 974 1488 conjugalis
1006 1403 1165 1470 foederis
1202 1407 1430 1491 firmitatem...

325 1509 431 1576 Aliae
448 1515 678 1578 suntoausae
695 1511 880 1578 excitatae
898 1519 961 1577 aut
988 1529 1099 1595 super
1132 1511 1313 1579 validitate
1344 1532 1433 1596 spor·
1497 1527 1498 1536 ³

324 1618 465 1703 odiunt,
484 1622 547 1684 aut
563 1637 673 1704 super
702 1619 784 1702 jure
801 1617 1014 1685 instituendi
1031 1619 1218 1686 divortium
1237 1619 1356 1702 quoad
1368 1619 1432 1684 tho·
1497 1607 1498 1614 ’

325 1743 417 1808 rum,
454 1729 491 1792 et
518 1725 638 1811 quoad
670 1726 1022 1793 cohabitationem...
1056 1726 1162 1793 Aliae
1193 1726 1334 1792 demum
1360 1731 1433 1792 sunt

326 1850 472 1918 causae,
492 1852 587 1918 ques
603 1835 868 1900 connexionem
886 1834 1031 1918 quidem
1064 1834 1201 1900 hubent
1216 1853 1296 1900 curn
1323 1833 1432 1900 matri·

325 1941 459 2024 monio,
489 1941 554 2008 sed
585 1959 644 2009 res
677 1959 776 2010 mere
808 1940 976 2026 politicas
995 1946 1032 2008 et
1064 1942 1284 2026 temporales
1309 1940 1432 2006 directe

326 2051 437 2132 atque
455 2049 663 2116 immediate
681 2050 916 2134 respiciunt,
933 2049 981 2132 (2)

415 2155 470 2222 Ex
487 2157 610 2222 allatis
625 2155 812 2222 Benedicti
825 2155 911 2222 XIV
925 2155 1047 2223 verbis
1076 2156 1186 2238 plane
1213 2154 1432 2238 consequitur
1498 2175 1499 2224 i

325 2268 399 2332 tres
416 2283 497 2331 esse
510 2281 653 2348 causas,
669 2282 763 2350 quae
780 2264 827 2330 ad
836 2264 978 2346 judices
1003 2265 1273 2330 ecclesiasticos
1306 2269 1431 2330 tantum

324 2373 520 2456 pertinent,
539 2373 692 2456 scilicet,
723 2389 854 2438 causas
884 2372 984 2437 circa
1016 2373 1192 2440 viaculum
1225 2367 1430 2438 Matrimonii

325 2486 530 2564 versantes,
546 2498 676 2547 causes
690 2480 735 2546 de
752 2480 944 2546 validitate
958 2481 1173 2566 sponsalium
1190 2483 1351 2561 agentes,
1363 2493 1432 2541 nec-

325 2603 398 2652 non
411 2605 541 2653 causas
559 2588 679 2672 adjus
693 2585 905 2653 instituendi
933 2587 1120 2653 divortium
1153 2586 1274 2670 quoad
1304 2585 1431 2650 thorum

325 2699 361 2760 et
374 2693 636 2760 habitationem
655 2697 877 2778 spectantem
897 2711 993 2758 nunc
1006 2711 1095 2760 vero
1116 2693 1310 2760 videndum
1328 2709 1368 2757 ac
1380 2707 1431 2756 ex·

325 2801 533 2886 ponendum
549 2807 717 2885 superest
748 2800 937 2867 Ecclesiae
950 2818 1082 2884 reapse
1107 2799 1348 2883 adjudicanda
1363 2814 1431 2863 esse

326 2909 553 2975 exclusivam
570 2909 852 2992 competentiam
869 2907 968 2974 hisce
986 2907 1030 2972 de
1057 2907 1176 2972 causis
1203 2903 1431 2992 cognoscendi

326 3020 434 3100 atque
444 3018 643 3102 iudicandi,
654 3017 902 3102 quodquidam
916 3016 1331 3084 iacilidemonstratione
1344 3013 1430 3079 evin·

327 3123 434 3189 citur.

389 3201 518 3314 wQuod
533 3233 689 3317 primum
706 3249 898 3298 causarum
917 3247 1044 3314 genus,
1065 3247 1190 3297 earum
1207 3247 1336 3312 nempe
1352 3243 1431 3312 quae

324 3356 435 3423 super
450 3339 531 3405 initi
555 3340 758 3424 conjugalis
776 3337 936 3405 foederis
953 3337 1125 3404 firmitate
1143 3341 1350 3419 versantur,
1367 3351 1431 3400 cer·

324 3451 399 3513 tum
415 3448 717 3532 exploratumque
743 3450 799 3513 est
826 3464 890 3512 eas
923 3445 969 3510 ad
1000 3444 1270 3511 ecclesiasticos
1301 3442 1429 3526 jndices

324 3556 521 3638 pertinere,
536 3554 841 3640 quandoquidem,
859 3552 1159 3638 quotiescumque
1176 3551 1214 3616 in
1226 3551 1309 3634 lege
1336 3564 1431 3614 evau-

323 3662 442 3746 gelica
461 3667 498 3728 et
515 3661 612 3747 apud
641 3662 858 3728 christianos
891 3676 1002 3725 causa
1035 3666 1166 3742 agatur
1198 3657 1244 3724 de
1275 3657 1431 3723 firmitate

323 3767 480 3835 foederis
495 3771 709 3854 conjugalis,
729 3769 822 3834 idem
838 3772 892 3832 est
905 3785 949 3832 ac
981 3767 1012 3832 si
1040 3767 1205 3851 quaestio
1241 3766 1285 3832 de
1317 3763 1431 3830 Sacra·

324 3879 433 3942 menti
452 3879 643 3943 validitate
661 3877 921 3956 institueretur;
941 3875 1074 3940 etenim
1104 3879 1186 3958 post
1218 3871 1348 3938 Christi
1380 3866 1431 3932 ad·

324 3991 473 4050 ventum
487 3991 522 4050 et
535 3985 728 4068 Evangelii
741 3983 1069 4068 promulgationem
1084 3981 1356 4047 Sacramentum
1366 3974 1430 4041 nul·

327 4147 486 4157 *-

394 4274 432 4341 (1)
468 4269 523 4326 Jur
535 4268 611 4324 Eccl.
627 4267 746 4324 Proteat.
761 4276 828 4323 tom.
842 4270 879 4338 Il,
893 4273 937 4326 tit.
949 4273 972 4322 2.
986 4269 1004 4338 ξ
1018 4270 1059 4322 14.

397 4349 433 4414 (t)
470 4341 515 4397 Dc
529 4340 633 4413 Sprtcd.
647 4339 741 4395 Dioec.
753 4341 801 4396 lib.
814 4341 865 4410 lx,
880 4357 940 4410 cap.
954 4345 978 4394 9.
