3030 4990
514 416 692 474 -123-

67 559 158 642 plecti
173 565 209 625 et
224 559 421 643 custodire,
440 563 550 643 atque
566 559 753 625 Ecclesiae
772 557 983 626 Catholicae
1000 559 1165 625 eamdem

66 668 261 750 proponenti
278 667 436 750 positive
453 668 644 750 inservire,
660 667 818 732 maxime
836 669 925 732 verb
943 671 980 732 et
993 668 1075 750 jure
1104 685 1164 750 po-

66 773 181 839 tissimo
200 775 280 858 ipsa
292 775 463 857 societas,
484 776 635 858 ejusque
652 775 796 840 nomine
814 774 988 857 Princeps
1019 781 1167 856 urgetur

64 899 148 946 suum
162 899 376 948 concursum
393 883 533 966 legibus
553 888 590 947 et
608 882 749 948 actibus
782 881 937 964 publicis
962 887 1165 964 praestare,

65 993 93 1050 ut
106 987 320 1070 conspiratio
337 989 530 1070 sociorum,
547 991 686 1052 remoto
714 1005 940 1070 quocumque
971 987 1087 1069 obice,
1122 985 1168 1051 ad

64 1093 151 1157 tinem
165 1094 323 1158 omnium
337 1095 601 1160 nobilissimum
616 1098 652 1159 et
669 1111 897 1177 summopere
912 1093 1168 1175 obligatorium

63 1199 181 1264 directe
199 1200 337 1265 tendat.

133 1307 196 1372 Jus
213 1310 251 1372 et
279 1308 440 1373 officium
475 1309 692 1374 coercitionis
723 1307 924 1374 Praefectis
953 1309 1168 1391 populorum

63 1416 217 1497 competit
234 1420 386 1499 propter
404 1416 545 1481 tutelam
564 1415 750 1482 societatis
777 1421 814 1481 et
830 1417 953 1482 bouum
985 1417 1170 1501 spirituale

63 1521 191 1604 civium;
210 1523 345 1587 etenim
362 1540 499 1605 eorum,
514 1524 574 1606 qni
588 1523 755 1588 societati
769 1523 868 1590 civili
887 1527 1073 1608 praesunt,
1093 1522 1170 1588 val-

64 1627 97 1692 de
108 1630 255 1695 interest
272 1631 402 1713 punire
419 1631 678 1713 perturbantes
696 1630 857 1696 ordinem
885 1631 1071 1712 socialcm;
1091 1629 1167 1712 sed,

63 1752 128 1800 cum
143 1737 277 1803 subditi
290 1739 327 1802 in
345 1739 558 1820 religionem
576 1739 829 1821 delinquentes
849 1757 921 1804 non
945 1739 1061 1804 solum
1078 1737 1166 1802 ordi-

63 1860 130 1908 nem
147 1845 321 1910 socialem
335 1845 563 1928 subvertant,
579 1863 707 1911 verum
725 1847 835 1910 etiam
849 1848 966 1929 ipsum
984 1847 1170 1910 societatis

64 1950 322 2017 tundamentum
338 1952 532 2035 impetant,
549 1953 648 2034 juste
661 1957 813 2034 possunt
827 1971 849 2016 a
862 1970 1031 2035 supremo
1060 1952 1171 2035 Magi-

64 2063 162 2124 stratu
180 2059 360 2142 coerceri,
374 2061 503 2143 poenis
520 2061 806 2143 proportionatis
825 2060 1010 2143 adhibitis;
1026 2061 1171 2125 aliunde

64 2162 250 2246 huiusmodi
269 2167 402 2231 effreni
420 2171 456 2231 et
473 2167 646 2233 scelerati
662 2168 839 2251 homines,
857 2167 983 2232 audita
1016 2167 1169 2232 auctori-

64 2277 125 2337 tate
136 2274 310 2357 religiosa
327 2279 364 2338 et
383 2275 550 2357 inspecta
567 2293 711 2359 semper
729 2283 882 2340 aeterna
900 2275 1018 2340 salute
1034 2277 1170 2340 anima·

64 2393 139 2462 rum,
158 2381 394 2445 convenienti
407 2381 529 2462 rigore
543 2381 729 2463 plectendi
746 2383 841 2462 sunt,
856 2397 902 2444 nc
919 2380 1057 2444 caeteri
1071 2380 1171 2446 cives

64 2482 119 2549 boc
131 2488 335 2568 pernicioso
350 2489 518 2570 exemplo
537 2505 559 2550 a
576 2507 643 2552 sua
656 2488 834 2570 religione
852 2493 1081 2552 avertantur.

123 2589 302 2676 'Demum,
318 2596 378 2676 jus
396 2599 433 2659 et
449 2594 608 2659 officinm
626 2595 836 2661 conclusionis
853 2594 1011 2676 Regibus
1029 2611 1171 2676 compe·

64 2699 99 2761 tit
113 2707 260 2784 propter
273 2702 576 2786 independeatiam
589 2707 625 2766 et
641 2703 808 2768 unitatem
823 2703 876 2766 oie
888 2709 1044 2766 armatae
1058 2701 1094 2764 in
1108 2718 1172 2764 suo

64 2807 247 2889 territori03
267 2807 442 2873 Rectores
455 2806 633 2891 Statuam,
653 2810 732 2873 sive
751 2825 870 2891 reges,
889 2808 968 2872 sive
985 2806 1173 2890 praesides

64 2912 135 2992 siut,
153 2932 195 2979 eo
209 2916 288 2998 ipso
309 2914 404 2998 quod
418 2919 600 2998 potestate
616 2934 787 2998 suprema
806 2921 841 2978 ct
855 2912 1123 2997 independentc
1136 2913 1173 2977 in

64 3021 126 3084 suis
138 3021 332 3086 ditionibus
350 3021 547 3106 gaudeant,
566 3024 693 3090 etnim
711 3025 889 3086 armatam
896 3021 1044 3104 proprio
1062 3022 1171 3104 impe·

64 3127 108 3190 rio
125 3134 158 3192 et
175 3129 356 3195 voluntati
381 3130 583 3212 subjectam
602 3129 825 3213 possideant,
841 3131 901 3212 jus
920 3130 1085 3195 obtinent
1114 3147 1173 3194 ex·

65 3233 218 3302 cludendi
234 3255 257 3300 a
272 3236 346 3300 suis
364 3217 556 3301 territoriis
574 3237 666 3302 alios
683 3236 870 3319 Principes
896 3254 961 3319 pro
996 3236 1173 3300 defensio·

65 3355 102 3404 ne
119 3343 316 3426 religionis,
333 3361 475 3427 unaque
494 3344 651 3409 officinm
677 3345 813 3409 habent
831 3345 1020 3408 exclusive
1050 3343 1173 3408 tuendi

64 3447 95 3511 in
110 3452 178 3516 suis
194 3451 319 3535 regnis
336 3469 463 3516 veram
481 3451 697 3517 Ecclesiam:
718 3451 881 3534 alioquin
897 3451 1025 3516 eadem
1053 3455 1173 3514 aucto-

65 3554 161 3622 ritate
176 3558 438 3643 independcuti
455 3576 499 3623 ac
527 3558 665 3624 caeteri
690 3559 818 3623 summi
847 3558 1069 3642 imperantes
1102 3574 1174 3620 non

64 3663 245 3748 pollerent,
264 3670 303 3730 et
318 3666 467 3750 insuper
483 3668 520 3732 in
539 3667 665 3732 eodem
700 3667 885 3732 territorio
916 3667 1174 3731 inducerentur

64 3768 148 3835 dnae
158 3773 256 3839 vires
274 3778 453 3856 armatae,
472 3773 602 3857 quoda
621 3777 722 3839 recto
740 3774 866 3840 ordine
884 3779 922 3839 et
934 3774 1081 3839 notione
1098 3771 1173 3838 Sta-

64 3879 114 3942 tus
129 3880 235 3962 plane
252 3880 439 3945 abhorret.

143 3984 196 4050 lix
212 3987 482 4080 haclevissima
500 3987 714 4052 recensione
740 3988 875 4071 Jurium
901 3991 1011 4072 atque
1040 3988 1174 4053 officio-

64 4106 147 4176 rum,
165 4113 255 4177 quae
272 4096 453 4178 supremis
467 4095 740 4178 magistratibus
759 4095 877 4178 quoad
894 4096 1107 4178 religionem
1121 4113 1174 4160 re-

65 4199 213 4266 velatam
232 4205 453 4285 competunt,
474 4202 658 4284 colligitur
691 4203 778 4285 ipsis
807 4205 1017 4268 incumbere
1050 4221 1174 4268 curam

66 4311 247 4392 cepaticum
264 4311 466 4393 religionis,
485 4328 557 4374 non
576 4315 695 4374 autem
720 4313 922 4395 punitivum,
942 4310 1095 4393 ideoque
1112 4310 1173 4374 mi·
