3120 4988
29 1060 30 1083 l

28 1120 34 1159 l

588 396 743 454 -75..

156 553 327 624 conquam
351 541 493 626 epocha
505 540 654 623 Regum.
674 537 894 605 somniatur
912 539 947 603 in
962 539 1226 605 corroboratio·

23 626 26 705 i
155 652 347 713 nenuostme
364 648 575 714 assertionis
593 647 685 711 liber
698 647 870 728 Paralip.‚
885 645 945 710 ubi
962 645 1007 710 de
1035 645 1227 711 Salomone

25 824 26 857 1
155 751 263 819 dicitur:
277 755 429 841 Seditque
446 753 609 822 Salomon
635 775 740 839 super
757 753 911 818 “Solium
928 753 1093 838 Domini„
1112 755 1149 817 io
1176 772 1227 818 re-

150 879 264 946 pompm
278 863 502 947 Daoidpatre
517 884 581 928 suo
601 862 662 944 (l):
693 860 838 943 legatur
869 861 964 924 item.
983 860 1227 924 testimonium

148 964 390 1054 lioviilosephi
414 969 611 1034 asserentis
636 967 683 1052 (2)
714 967 976 1032 theocraticam
1004 966 1228 1048 reipublicae

144 1074 266 1139 sormam
278 1095 296 1139 e
308 1075 431 1158 Moyse
445 1077 647 1141 institutam
665 1091 849 1158 nunquam
860 1072 972 1137 tuisse
986 1073 1225 1136 immutatam.

141 1180 243 1246 Mirum
258 1183 360 1265 igitur
376 1201 456 1248 esse
474 1201 545 1248 non
563 1182 671 1247 debet
688 1181 806 1264 Reges
823 1179 919 1262 apud
933 1178 1121 1243 Hebraeos
1150 1178 1227 1261 plu-

136 1303 169 1348 ra
180 1289 320 1368 potuisse
336 1289 373 1353 in
391 1307 431 1352 re
449 1289 633 1371 religiosa,
649 1275 743 1369 quae
770 1286 885 1368 adjus
899 1290 1053 1349 naturae
1086 1283 1227 1348 absolu·

134 1399 195 1458 turn
219 1400 251 1459 et
276 1397 518 1460 necessarium
553 1395 709 1460 attinere
744 1399 941 1478 nequeunt;
976 1393 1109 1459 etenim
1137 1393 1244 1458 haec·

128 1501 343 1580 praestabant
360 1520 406 1567 ex
420 1503 502 1583 jure
516 1503 674 1586 positivo
690 1501 813 1567 divino
831 1503 876 1567 ob
902 1501 1100 1584 specialem
1127 1500 1227 1565 indo·

126 1608 347 1692 lemetquasi
364 1611 686 1676 identificationem
711 1611 899 1693 utriusque
928 1608 1114 1674 societatis
1145 1607 1228 1673 reli·

123 1715 235 1796 giosrm
250 1723 284 1783 et
300 1718 433 1784 civilis.

205 1825 471 1892 Transmisimus
485 1843 573 1890 vero
591 1825 825 1908 antecedens,
846 1825 930 1908 quia
943 1824 1042 1890 eliud
1059 1830 1115 1891 est
1131 1843 1227 1890 asse·

119 1947 194 1996 rere
205 1932 316 2016 Reges
330 1933 428 2016 apud
444 1919 632 2002 Hebraeos
646 1934 803 2016 plurima
817 1934 1037 1997 auctoritate
1050 1934 1086 1997 in
1103 1933 1229 1997 ordine

118 2038 487 2124 religiosoaliqunndo
505 2041 703 2104 instructos
729 2057 821 2122 esse,
842 2040 901 2104 vel
933 2045 1083 2123 propter
1111 2041 1228 2122 ipsam

116 2151 272 2214 naturam
282 2147 545 2213 theocrsticam
555 2150 741 2230 regiminis
756 2149 955 2232 popularis,
971 2149 1030 2213 vel
1044 2154 1227 2236 temonem

116 2255 314 2337 prophetas,
335 2256 395 2322 vel
411 2273 456 2320 ex
472 2257 625 2338 speciali
637 2256 705 2321 Dei
735 2257 971 2339 dispositione
998 2261 1061 2322 aut
1079 2255 1227 2321 manda-

116 2364 163 2442 to,
179 2364 225 2427 uti
242 2361 363 2428 David
379 2366 415 2428 et
431 2361 603 2427 Salomon
635 2365 755 2447 quoad
783 2365 1004 2430 erectionem
1037 2364 1164 2447 templi
1192 2368 1229 2428 et

117 2467 224 2534 cultus
236 2471 513 2553 ordinationem3
533 2470 632 2536 eliud
649 2475 768 2536 autem
787 2472 973 2536 affirmare
990 2473 1088 2555 ipsos
1116 2472 1228 2536 fuisse

117 2577 252 2658 proprie
269 2578 476 2662 superiores
493 2578 637 2644 Summo
655 2579 842 2662 Pontifice,
863 2580 914 2644 ita
932 2585 970 2643 ut
988 2579 1046 2643 hic
1071 2579 1228 2660 Regibus

120 2683 431 2769 subalternaretur,
451 2690 539 2770 pute
556 2687 720 2770 episcopi
748 2687 972 2752 schismatici
990 2687 1049 2751 vel
1068 2685 1227 2768 anglica·

122 2791 154 2854 ni
166 2793 379 2860 Autocratae
395 2794 545 2860 Russiee
563 2799 626 2860 sut
641 2795 803 2878 Reginae
821 2795 989 2877 Angliae‚
1005 2794 1101 2878 quod
1119 2793 1227 2858 omni·

126 2913 163 2960 no
178 2899 434 2986 denegandum,
450 2907 557 2985 prout
573 2904 765 2986 multiplici
783 2909 1079 2987 argumentorum
1093 2919 1228 2986 genere

130 3009 341 3076 ostenderunt
364 3011 548 3096 praeclari
565 3011 725 3094 theologi
742 3010 935 3076 Suarezius
960 3010 1007 3095 (3)
1022 3014 1057 3075 et
1092 3010 1227 3074 Beller-

133 3112 298 3198 ninustt).

206 3219 335 3305 Object.
351 3224 406 3288 2.ι
422 3223 528 3306 Apud
545 3223 716 3289 Ethnicos
733 3229 897 3308 potestas
915 3225 1087 3308 religiose
1104 3241 1227 3307 supre-

140 3338 183 3388 us
195 3345 294 3408 penes
305 3331 492 3413 Principes
506 3337 598 3414 eret,
615 3332 744 3416 quibus
757 3331 967 3397 sacerdotes
985 3331 1226 3412 subjicieban-

144 3431 195 3510 tur;
210 3435 265 3500 sed
280 3437 434 3502 exsecto
454 3438 653 3503 universali
669 3439 755 3502 licet
769 3439 943 3521 colligere
967 3439 980 3519 j
987 3455 1025 3502 us
1058 3440 1225 3518 naturam

148 3549 209 3618 ergo
224 3545 387 3632 anaiopice
404 3545 691 3628 argumentando
702 3546 777 3628 juri
790 3546 950 3610 naturali
963 3561 1161 3609 consonum
1175 3545 1226 3608 vi-

151 3637 225 3710 tetur
238 3647 452 3736 Principibus
469 3653 720 3718 saecularibus
735 3653 854 3717 inesse
868 3655 1087 3735 potestatem
1101 3668 1225 3732 supre-

152 3757 323 3826 nemetiam
340 3761 376 3825 in
393 3761 570 3843 religione
589 3761 766 3825 revelate.

156 3935 292 3962 χ

202 4087 232 4158 (1)
262 4095 320 4166 (rap,
333 4101 443 4170 xxix,
458 4117 483 4156 v.
500 4103 542 4154 oo.

203 4165 232 4228 (t)
260 4167 311 4224 Lib,
322 4173 347 4226 2.
359 4176 455 4226 couno
467 4172 608 4240 Apionem.

203 4231 232 4298 l³)
258 4233 289 4291 It
296 4241 446 4312 defeccione
452 4243 529 4312 fidei,
543 4245 616 4298 libro
630 4247 664 4308 8.,
677 4259 739 4312 esp.
750 4246 793 4296 25.

204 4305 233 4371 (⁴)
265 4311 294 4364 Io
309 4315 512 4381 t'ontroversiis,
525 4316 572 4369 lib.
586 4311 731 4368 2deRom.
746 4311 854 4382 Pontifi.
866 4329 926 4382 cup¹
943 4316 986 4366 lu.
