3034 4990
776 405 895 464 -326
918 439 954 450 -

307 550 358 614 sis
374 549 696 631 intermittendum
715 567 799 614 nam
816 553 978 632 potestas
995 547 1206 628 saecularis,
1226 547 1273 611 ab
1301 545 1439 611 Eccle-

308 657 364 720 sia
392 654 579 721 Catholica
598 663 635 721 et
650 657 828 738 religione
845 656 1013 720 revelata
1041 652 1315 738 praescindens,
1346 653 1440 735 ipso

308 761 407 826 lecto
425 761 536 826 etiam
553 779 680 826 ensem
696 762 846 827 emedio
865 761 960 826 tollit
973 759 1239 843 interpretandi
1269 759 1440 839 benigne

309 873 468 932 mentem
484 867 673 933 Ecclesiae
689 873 753 932 aut
769 867 1023 950 praesumendi
1041 865 1202 948 ejusdem
1220 864 1434 929 consensio·

310 991 405 1041 nem:
422 983 458 1038 et
474 973 543 1039 hoc
556 974 700 1058 quidem
718 975 822 1039 nobis
837 975 1040 1039 luculenter
1053 972 1231 1056 patefacit
1243 971 1437 1036 diversam

310 1081 442 1161 agendi
461 1081 652 1161 rationem,
671 1099 743 1163 qua
759 1079 924 1145 Ecclesia
941 1097 1030 1161 erga
1057 1079 1173 1161 Reges
1192 1077 1439 1159 summosque

310 1184 539 1268 Imperantes
556 1187 714 1269 antiquis
731 1186 954 1268 temporibus
969 1193 1006 1250 et
1018 1185 1214 1250 recentiori
1227 1189 1350 1248 aetate
1364 1199 1438 1246 usa

310 1297 378 1373 est,
398 1293 483 1374 quin
501 1291 682 1374 duplicem
701 1309 907 1357 mensuram
924 1291 1108 1370 adhibeat,
1128 1291 1180 1355 uti
1196 1290 1305 1354 stulte
1337 1289 1435 1353 effu-

310 1397 405 1462 tiunt
420 1399 499 1479 ejus
527 1397 744 1479 adversarii3
779 1397 863 1462 dum
892 1399 987 1462 enirn
1018 1397 1218 1461 novissima
1251 1395 1439 1477 gubernia

311 1505 431 1586 carpit
447 1521 491 1569 ac
509 1504 690 1587 improbat
707 1506 752 1569 ob
770 1504 918 1568 crebras
947 1511 984 1568 et
1000 1503 1142 1584 iniquas
1173 1503 1210 1566 in
1226 1519 1286 1566 res
1314 1501 1435 1565 eccle-

312 1609 480 1674 siasticas
507 1611 729 1691 invasiones,
748 1611 871 1692 plures
885 1615 987 1674 actus
1005 1615 1170 1674 veterum
1188 1608 1324 1689 Regum
1343 1607 1434 1671 tole-

311 1716 420 1779 rabat
437 1717 498 1781 vel
523 1723 623 1780 ratos
652 1717 822 1798 habebat3
856 1723 895 1780 ut
922 1717 1018 1781 enirn
1046 1717 1138 1780 scite
1170 1715 1439 1779 animadvertit

312 1822 390 1904 ipse
418 1821 492 1887 Leo
524 1823 613 1887 Xlll
643 1825 835 1890 occasione
862 1825 965 1906 Regii
996 1823 1215 1888 Patronatus
1242 1823 1280 1885 in
1305 1819 1433 1901 Regno

310 1926 566 2010 Neapolitano,
586 1930 764 2010 agebatur
781 1937 867 1995 tunc
884 1929 928 1994 de
946 1927 1173 2010 Principibus
1191 1925 1381 1992 catholicis
1396 1931 1439 1988 et

312 2033 556 2116 benemeritis,
570 2036 699 2118 quibus
712 2035 878 2100 Ecclesia
892 2054 957 2100 sua
974 2035 1164 2114 beneficia,
1184 2034 1333 2116 copiosa
1358 2033 1434 2113 pri·

313 2138 450 2220 vilegia
477 2146 513 2204 et
535 2143 740 2224 singulares
765 2143 1045 2224 praerogativas
1069 2139 1297 2219 conferebat3
1313 2139 1435 2220 agitur

313 2242 419 2308 bodie
437 2245 482 2310 de
499 2247 667 2312 civilibus
687 2247 976 2312 Moderatoribus
1001 2253 1038 2311 et
1051 2247 1209 2328 politicis
1239 2244 1436 2311 Guberniis

312 2348 513 2415 Ecclesiam
546 2350 769 2418 Catholiesm
803 2355 953 2436 eJusque
979 2353 1228 2418 sacratissima
1258 2353 1343 2434 jnra
1373 2352 1434 2415 vel

312 2461 442 2536 aperta
456 2457 657 2523 hostilitate
670 2461 730 2524 vel
760 2461 912 2542 punibili
930 2459 1181 2524 indifferentia
1213 2474 1436 2540 prosequen-

311 2557 420 2622 tibus.

390 2665 467 2729 204.
516 2665 710 2748 Quaeritur
723 2669 840 2752 modo,
856 2674 974 2734 utrum
989 2674 1138 2752 praeter
1151 2671 1435 2752 competentiam

312 2773 644 2856 conventionalern,
663 2777 735 2857 qua'
753 2781 907 2857 utraque
925 2783 1089 2858 potestas
1102 2777 1187 2858 Jure
1206 2777 1381 2840 attributo
1399 2781 1437 2840 et

313 2875 480 2959 delegato
499 2897 720 2960 cognoscere
737 2885 858 2962 potest
871 2881 916 2945 de
935 2881 1105 2946 rebusad
1123 2881 1312 2965 propriam
1325 2889 1432 2946 etna·

314 2983 429 3047 tivam
438 2985 726 3064 jnrisdictionem
739 2991 811 3050 non
824 2988 1117 3070 respicientibus,
1132 2989 1290 3071 supponi
1303 2988 1365 3053 vel
1375 2987 1435 3051 da-

314 3088 348 3153 ri
364 3096 474 3169 queat
491 3092 734 3172 competentia
752 3093 902 3175 propria
919 3094 956 3157 in
973 3094 1100 3158 eodem
1115 3094 1281 3175 subjecto
1295 3093 1343 3158 ad
1356 3111 1435 3176 pos·

313 3192 501 3258 sidendam
529 3203 566 3260 et
597 3198 840 3263 exercendam
875 3205 1065 3282 utramque
1096 3207 1332 3282 potestatem,
1362 3207 1434 3264 tum

314 3298 614 3382 ecclesiasticam,
630 3307 704 3367 tum
719 3305 877 3384 civilem,
893 3323 956 3370 seu
972 3306 1069 3388 quod
1081 3306 1178 3371 idem
1191 3311 1260 3388 est,
1275 3325 1325 3371 an
1338 3307 1433 3370 iden-

202 3389 208 3396 *
315 3405 465 3470 tifieatio
484 3405 637 3489 duplicis
657 3411 860 3492 potestatis,
896 3411 1093 3494 religiosae
1126 3417 1165 3476 et
1195 3413 1382 3494 politicae,
1399 3413 1434 3474 in

313 3527 386 3574 una
403 3529 560 3592 persona
573 3512 691 3577 locum
707 3515 842 3580 habere
860 3517 988 3599 possit.

403 3617 589 3698 Ejusmodi
606 3622 771 3700 quaestio
789 3620 879 3686 duae
897 3629 1022 3704 partes
1051 3625 1113 3688 vel
1142 3625 1269 3706 capita
1282 3625 1437 3709 comple·

314 3723 436 3801 stitus,
457 3740 550 3805 quae
567 3724 777 3804 singillatim
793 3729 989 3792 enucleare
1015 3735 1173 3812 oportet:
1194 3729 1242 3795 l.⁰
1261 3750 1309 3797 an
1325 3731 1435 3796 eccle·

314 3827 463 3892 siastica
480 3828 678 3892 auctoritas
695 3831 810 3911 possit
822 3833 903 3896 fieri
916 3834 1121 3916 subjectum
1146 3839 1378 3903 auctoritatis
1390 3836 1434 3899 ci·

313 3932 410 4013 vilis;
425 3933 474 3996 29
490 3951 575 3998 num
592 3940 755 3999 econtra
769 3941 968 4004 auctoritas
983 3941 1104 4006 civilis
1122 3943 1202 4007 fleri
1231 3948 1345 4026 queat
1360 3941 1435 4008 sub·

311 4035 448 4115 iactum
466 4039 693 4104 auctoritatis
707 4042 993 4110 ecclesiasticae.

402 4139 459 4202 Ad
475 4144 628 4222 primam
641 4150 783 4225 partem
794 4149 1018 4231 respondere
1031 4169 1105 4217 non
1119 4153 1330 4220 dubitamus
1343 4155 1436 4242 affir-

316 4245 453 4326 mativa
473 4255 600 4314 contra
616 4249 782 4317 Hussitas
816 4261 853 4320 et
874 4255 1094 4326 Wicleifltas
1125 4269 1337 4328 asserentes
1367 4277 1435 4326 non
