3146 4980
786 407 965 468 -ttt-

315 571 470 636 cumque
487 553 678 636 reiigione,
693 553 803 636 atque
820 569 951 617 everso
962 551 1089 640 ordine
1107 552 1248 634 morati,
1267 551 1446 634 indepen-

315 661 440 726 dentie
452 660 656 740 exclusiva,
676 676 783 742 quam
801 659 1066 740 impugnamus,
1084 658 1289 724 adruinum
1302 658 1448 724 ordinis

314 767 462 832 socialis
476 767 595 848 logice
612 763 723 845 ducit;
749 765 885 849 quippe
901 782 974 830 non
987 765 1092 830 adest
1108 763 1197 831 ordo
1229 765 1376 830 socialis
1405 771 1449 830 et

313 875 472 939 felicitas
496 872 708 955 temporalis
726 871 865 954 absque
893 871 1040 955 publica
1072 873 1351 956 tranquillitate3
1371 889 1447 936 nec

314 979 470 1046 hebetur
487 977 734 1062 tranquillitas
750 978 898 1060 publica
923 977 1061 1061 absque
1074 977 1202 1043 ordine
1219 979 1362 1060 morali,
1379 995 1445 1042 ne-

315 1105 386 1170 que
415 1085 503 1150 ordo
529 1085 677 1150 moralis
709 1084 909 1149 consistere
940 1089 1061 1168 potest
1087 1087 1166 1150 sine
1197 1084 1290 1166 Deo,
1321 1101 1447 1168 neque

316 1193 414 1258 Deus
433 1193 636 1273 concipitur
669 1191 747 1256 sine
764 1191 955 1273 religione;
983 1208 1102 1274 neque
1134 1191 1264 1274 religio
1296 1191 1447 1258 demum

316 1317 397 1365 esse
412 1297 512 1362 valet
530 1297 668 1381 absque
685 1297 785 1362 cuitu
801 1297 946 1381 publico
964 1303 1001 1362 st
1017 1297 1146 1363 sociali
1162 1297 1404 1381 professione.

404 1405 457 1468 3.⁰
502 1403 758 1470 Anticatbolica
775 1413 843 1482 est;
862 1423 946 1468 nam
960 1404 1127 1468 doctrina
1139 1403 1370 1468 Liberalismi
1386 1422 1448 1468 rs·

315 1513 444 1576 dicslis
462 1513 635 1577 damnata
654 1517 796 1575 estium
811 1529 833 1574 a
850 1511 970 1576 Leone
987 1509 1077 1575 xm
1093 1509 1131 1575 in
1158 1509 1358 1592 Encyclica
1383 1510 1448 1577 Li·

315 1622 439 1699 bertas,
454 1637 548 1702 quse
565 1620 665 1683 circs
681 1618 750 1682 hoc
764 1624 1015 1700 argumentum
1033 1622 1111 1681 tota
1124 1623 1306 1698 versatur,
1327 1621 1402 1682 tum
1421 1637 1448 1683 a

314 1726 378 1790 Pio
396 1727 447 1790 IX
463 1728 497 1789 in
516 1724 751 1808 sequentibus
768 1722 908 1804 Syllabi
925 1722 1235 1805 propositionibus
1259 1741 1306 1788 ex
1323 1723 1446 1806 Ency·

316 1833 408 1898 elica
430 1835 565 1908 Quanta
584 1853 669 1898 cura
687 1832 841 1914 aliisque
864 1829 1141 1913 quamplurimis
1157 1829 1307 1896 Litteris
1320 1831 1446 1896 Ponti-

316 1939 406 2002 iiciis
420 1939 572 2002 eductis:
590 1935 1021 2020 XXXIX—Reipublicae
1033 1943 1277 2021 status,utpote
1288 1937 1448 2002 omnium

306 2047 446 2132 jurium
477 2047 572 2130 oripo
586 2051 619 2108 et
631 2045 724 2128 sons,
735 2045 820 2128 jure
854 2042 1003 2126 quodum
1018 2042 1126 2125 pollet
1155 2043 1264 2108 nullis
1295 2044 1445 2109 circum·

315 2155 447 2236 scripta
464 2153 647 2232 limitibus,·
661 2149 761 2214 XLII
770 2149 850 2212 -In
864 2150 1023 2234 conflictu
1034 2151 1146 2235 layum
1157 2152 1336 2235 utriusque
1344 2158 1444 2233 pote·

315 2262 428 2340 statis,
435 2263 499 2347 jus
513 2260 613 2324 civile
626 2257 820 2342 praevalen
840 2255 1116 2321 XLIII-Laira
1127 2263 1279 2340 potestas
1291 2259 1445 2322 auctori-

316 2375 418 2431 tatem
436 2367 534 2430 babet
544 2363 776 2444 rescindendi,
796 2363 1001 2427 declarandi
1018 2383 1059 2428 ac
1073 2363 1230 2446 faciendi
1247 2364 1371 2428 irritas
1387 2385 1442 2429 so·

315 2473 442 2536 lemnes
455 2472 693 2536 conventiones
704 2469 828 2551 (vulgo
837 2467 1106 2547 CONOORDATA)
1120 2489 1224 2554 super
1235 2491 1299 2534 usu
1300 2472 1445 2556 jurium

315 2579 362 2644 ad
379 2578 647 2642 ecclesiasticam
665 2577 916 2641 immunitatem
928 2577 1180 2660 pertinentium
1197 2595 1274 2640 cum
1291 2575 1379 2641 Sede
1394 2577 1444 2642 A·

309 2686 482 2770 pentolina
496 2685 615 2766 initas,
624 2685 698 2748 sine
710 2682 813 2768 liujus
827 2685 1107 2762 consensu,immo
1119 2690 1152 2748 et
1163 2703 1203 2749 eu
1216 2685 1447 2764 reclamantia·
1493 2762 1499 2770 Ι

314 2788 602 2856 XLIV-Cicilis
617 2781 809 2854 auctor-'itus
836 2798 947 2872 potest
962 2810 997 2853 se
1013 2791 1205 2856 immiscere
1237 2792 1338 2856 rebus
1356 2813 1447 2874 quae

315 2897 361 2962 ad
377 2897 587 2980 relipionem,
605 2915 717 2960 mores
733 2897 926 2980 etrepimen
943 2895 1129 2980 spirituale
1139 2897 1330 2979 pertinent.
1351 2898 1446 2962 Hinc

310 3010 424 3088 potest
441 3003 481 3066 de
500 3003 784 3068 instructionibus
793 3003 970 3088 judicare,
988 3023 1075 3086 quas
1090 3001 1267 3070 Ecclesiae
1278 3013 1446 3088 pastores

314 3109 361 3173 ad
378 3109 665 3172 conscientiarum
693 3129 851 3174 normam
878 3130 946 3194 pro
963 3130 1024 3175 suo
1052 3129 1192 3176 munere
1226 3112 1339 3192 edunt,
1358 3114 1445 3196 quin

315 3215 419 3279 etiam
430 3222 541 3297 potest
549 3215 591 3279 de
598 3215 797 3280 diuinorum
815 3215 1120 3282 Sacramentorum
1135 3218 1444 3286 administratione

314 3327 347 3385 et
359 3321 643 3404 dispositionibus
657 3321 757 3385 adea
770 3324 993 3406 suscipientia
1005 3325 1213 3390 necessariis
1244 3325 1441 3406 decernere3

314 3426 455 3492 XLV-
464 3427 583 3492 Totum
613 3427 810 3492 scholarum
833 3430 1057 3512 publicarum
1079 3432 1244 3515 regimen,
1263 3434 1300 3496 in
1318 3433 1444 3514 quibus

305 3537 474 3621 juventus
490 3534 702 3598 christianae
718 3535 870 3621 alicujus
888 3535 1113 3620 Reipublicae
1147 3537 1352 3618 instituitur,
1370 3539 1441 3621 spi·

314 3641 511 3724 scuptilibus
541 3641 726 3704 dumtauot
752 3642 952 3706 seminariis
967 3643 1089 3726 aliqua
1113 3643 1249 3709 ratione
1278 3644 1444 3728 sareptis,

307 3755 477 3832 potestne
505 3747 600 3811 debet
632 3747 777 3812 attribui
809 3749 1010 3814 auctoritati
1028 3749 1137 3828 civili,
1170 3756 1203 3814 et
1229 3750 1280 3814 ita
1303 3751 1445 3834 quidem

314 3855 469 3934 attribui,
486 3861 525 3917 ut
539 3853 673 3918 nullum
686 3853 751 3918 alii
775 3856 973 3938 cuicumque
990 3855 1195 3920 auctoritati
1223 3875 1445 3941 recopnosca·

314 3965 371 4022 tur
383 3961 447 4044 J'us
464 3959 679 4024 immiscendi
697 3979 732 4024 se
748 3959 787 4024 in
803 3960 992 4044 disciplina
1020 3960 1228 4042 scholarum,
1250 3964 1287 4028 in
1303 3964 1444 4047 recinui-

313 4084 356 4128 ne
372 4064 579 4145 studiorum,
597 4066 635 4129 in
646 4065 819 4150 praduum
836 4067 1027 4149 collatione,
1041 4068 1079 4131 in
1095 4065 1228 4134 delectu
1240 4075 1302 4133 aut
1313 4089 1444 4153 appro-

314 4170 450 4234 batione
473 4171 733 4256 mapistrorum,·
763 4169 1034 4238 XLVI-immo
1051 4174 1089 4238 in
1115 4174 1205 4259 ipsis
1235 4175 1446 4241 clericorum

312 4276 525 4360 seminariis,
543 4277 720 4343 methodus
742 4278 937 4344 studiorum
951 4279 1148 4346 adhibenda
1175 4281 1273 4348 cicili
1290 4285 1445 4348 auctom-
