3146 4980
601 409 776 468 -413-

136 551 216 634 pulo
250 551 416 634 corrupti
448 545 540 616 sint.
583 549 784 617 Concilium
823 552 1070 618 Laodicenum
1109 573 1250 620 canone

134 656 231 738 XlII,
249 663 357 739 prout
369 657 502 740 legitur
516 659 551 721 in
565 675 645 722 can.
665 659 727 723 VI.
759 659 840 723 dist.
873 659 928 740 63,
963 658 1139 725 decrevit:
1172 663 1251 726 Non

133 764 456 847 estpermittendnm
470 777 605 828 TURBIS
621 765 816 830 electionem
829 786 946 831 eoram
957 767 1087 851 facere,
1104 774 1163 851 qai
1171 775 1252 832 sant

134 870 179 934 ad
208 871 438 934 sacerdotium
471 872 712 954 promovendi.
749 869 949 936 Concilium
985 873 1251 938 Antiochenum

133 993 213 1039 can.
227 975 349 1040 XVIII
366 975 542 1040 declarat:
557 974 597 1040 st
616 978 694 1060 quis
710 979 890 1062 episcopas
903 979 1098 1058 ordinatae,
1118 981 1164 1044 ad
1184 1002 1249 1064 pa·

132 1081 283 1146 raetiam
300 1083 357 1146 eni
372 1089 422 1146 est
438 1082 563 1146 electus
579 1084 718 1148 minime
749 1086 944 1164 accesserit,
970 1106 1038 1150 non
1066 1107 1128 1150 sno
1157 1088 1251 1168 uitia,

131 1188 193 1253 sed
208 1189 297 1272 qnod
314 1209 389 1253 eane
401 1196 462 1252 ant
474 1201 647 1254 POPULUS
664 1192 756 1270 nitet,
770 1199 832 1255 ant
860 1200 1003 1275 propter
1033 1193 1142 1258 aliam
1174 1214 1252 1258 can·

131 1315 217 1376 sam,
234 1315 302 1360 non
318 1303 431 1359 tamen
444 1297 519 1380 ejus
534 1296 618 1361 nitio
630 1304 884 1380 perpetratam,
902 1297 956 1361 nic
981 1306 1012 1362 et
1041 1299 1181 1364 lionoris
1208 1301 1255 1363 sit

131 1405 169 1465 et
180 1403 366 1466 ministerii
384 1403 579 1486 particeps.

222 1506 387 1586 Domum,
402 1525 451 1572 ⁴ne
465 1507 648 1590 longiores
662 1507 784 1588 simus,
798 1507 1010 1572 Tridentino
1027 1508 1193 1591 Synodus
1218 1511 1254 1574 in
1376 1579 1380 1588 ,

130 1614 296 1677 sessione
312 1613 450 1694 XXIII,
465 1631 546 1695 cap.
565 1613 615 1678 IV
631 1619 759 1696 aperte
777 1614 936 1678 tradidit:
963 1617 999 1680 in
1035 1617 1255 1681 ordinatione

130 1720 397 1804 Episcoporarn,
425 1721 664 1802 Sacerdotem,
691 1731 721 1787 et
750 1729 962 1788 caeterorum
988 1725 1167 1805 Ordinem,
1195 1745 1256 1788 nec

130 1841 285 1906 POPUIA,
302 1848 362 1891 nec
379 1828 532 1914 cujusvis
547 1829 740 1893 saecularis
768 1832 963 1913 potestatis,
984 1838 1015 1895 et
1027 1832 1257 1916 mapistratns

130 1953 346 2017 consensum,
366 1936 437 1999 siae
453 1937 676 2015 necationem,
696 1939 766 2000 siae
784 1939 1025 2003 anctoritatem
1038 1941 1089 2003 ita
1113 1940 1256 2022 requiri,

131 2050 173 2108 at
189 2043 262 2106 sine
289 2063 329 2106 ea
346 2043 451 2107 irrita
467 2043 514 2106 sit
530 2044 718 2107 ordinatio:
751 2045 833 2125 qaia
856 2047 977 2126 petias
1006 2045 1170 2124 decernit,
1192 2065 1256 2122 eos,

131 2149 195 2233 qni
207 2150 441 2213 tantammodo
454 2171 476 2213 a
493 2163 655 2230 POPULO,
677 2157 737 2214 ant
748 2152 925 2215 saeculari
938 2159 1107 2236 potestate
1124 2173 1164 2216 aa
1187 2174 1256 2216 rna·

130 2258 287 2342 pistratn
303 2258 426 2336 vorati,
445 2263 476 2320 et
490 2257 652 2338 instituti,
672 2257 816 2322 adhaec
842 2260 1038 2323 ministeria
1067 2259 1258 2323 eaercenda

131 2362 338 2442 ascendant,
355 2368 385 2425 et
398 2362 456 2444 qui
474 2383 513 2425 ea
526 2366 675 2446 propria
691 2365 880 2429 temeritate
897 2366 963 2430 sibi
979 2373 1131 2448 sumant·
1145 2386 1259 2430 ornnes

132 2489 203 2534 non
223 2468 398 2533 Ecclesiae
417 2471 609 2549 Ministros,
625 2471 685 2534 sed
699 2471 807 2555 fares,
826 2481 858 2537 et
870 2473 1033 2555 latrones,
1042 2477 1109 2558 per
1136 2476 1260 2538 ostiam

132 2597 204 2642 non
218 2576 400 2659 inpressae,
414 2576 586 2640 habendos
600 2597 682 2640 esse.
703 2575 803 2656 Quae
836 2578 980 2660 quidem
1010 2579 1188 2658 doctrina,
1223 2587 1261 2641 ut

134 2681 226 2745 alibi
243 2681 409 2762 diximus,
428 2683 661 2746 anathemate
678 2701 759 2746 can.
794 2683 862 2748 VII
895 2685 1056 2765 eiusdem
1089 2685 1260 2748 sessionis

133 2787 189 2852 ita
204 2788 349 2852 sancita
367 2793 434 2868 cst,
454 2794 493 2852 ut
509 2790 607 2853 missi
634 2807 656 2851 a
672 2790 806 2870 populo
831 2791 972 2854 aliunde
987 2792 1113 2854 venire
1139 2790 1260 2854 dican-

134 2899 208 2977 tur,
225 2911 422 2976 eorumque
442 2897 562 2959 missio
580 2897 831 2961 ecclesiastieae
849 2901 885 2960 et
913 2899 1098 2963 aaronitae
1126 2897 1260 2963 missio·

135 3003 174 3067 ni
193 3005 413 3083 opponatur.

228 3105 283 3171 25³
329 3105 456 3186 Quoad
473 3107 653 3170 Romanos
667 3107 860 3172 Pontifices
892 3109 1112 3190 pervulgata
1141 3113 1196 3172 est
1226 3109 1262 3172 in

134 3213 158 3279 J
161 3231 228 3278 ure
247 3211 430 3278 Canonico
444 3215 626 3278 sententia
640 3214 686 3277 sd
703 3216 819 3278 instar
836 3217 986 3296 regulae
1004 3223 1040 3280 et
1070 3217 1263 3281 axiomatis

136 3339 160 3384 a
175 3321 214 3386 S.
234 3317 441 3384 Caelestino
461 3320 508 3384 ad
531 3319 731 3403 Episcopus
749 3322 905 3403 Apuliae
922 3327 959 3386 et
976 3321 1169 3386 Calabriae
1202 3327 1213 3404 (
1238 3323 1262 3404 ),

135 3427 173 3493 S.
192 3426 324 3493 Siricis
338 3427 383 3490 ad
401 3426 527 3493 Gallos
541 3429 739 3511 Episcopus
758 3429 804 3511 (2)
823 3435 859 3491 et
876 3428 1059 3510 Stephano
1089 3429 1189 3510 Papa
1218 3427 1265 3491 ad

137 3533 467 3615 Archiepiscopum
497 3534 720 3598 Ravennatis
749 3535 796 3618 (3)
823 3535 979 3617 prolata:
1006 3536 1191 3600 Ducendas
1216 3541 1266 3600 est
1352 3575 1365 3592 ·

137 3653 329 3720 POPULUS,
344 3661 412 3704 non
425 3641 628 3724 sequendas.

233 3745 350 3811 Valde
364 3747 473 3810 etiam
489 3747 578 3811 trita
594 3751 678 3811 sunt
695 3747 811 3812 verba
831 3745 1031 3811 Innocentii
1048 3745 1114 3811 III:
1140 3746 1266 3810 Lnrcrs

138 3854 365 3940 quantamvis
376 3855 551 3940 reiipiosis
566 3855 604 3920 in
620 3853 774 3920 Ecclesia
787 3855 887 3920 nulia
904 3861 953 3920 est
980 3854 1148 3920 attributa
1170 3861 1265 3938 pote·

215 4154 255 4219 (1)
293 4148 328 4204 In
344 4151 425 4207 Decr.
442 4151 522 4209 Crat.
535 4171 597 4210 ean.
615 4154 642 4223 2,
653 4155 721 4212 dist.
735 4159 776 4212 aa.

217 4227 253 4286 (2)
290 4221 359 4290 Cap.
373 4224 407 4276 V.

215 4297 254 4361 (tt
293 4293 552 4360 Conladato&
