3034 4990
537 417 717 476 -319-

88 564 215 626 tenetur
230 561 373 626 ratione
391 561 471 626 finis
489 561 544 626 sui
556 561 647 627 iniis
662 563 838 647 omnibus,
857 579 1045 645 quaecum
1063 560 1189 627 eodem

9 659 10 752 f
85 668 315 734 immediatam
338 670 601 735 connexionem
618 674 680 736 aut
696 670 871 736 directam
888 669 1101 735 relationem
1127 669 1188 734 ha-

9 849 10 852 ,
84 776 168 840 bent:
182 776 266 842 hino
281 777 449 842 Ecclesia
467 777 576 842 etiam
589 796 655 861 pro
685 781 914 844 assecutione
928 779 1008 843 finis
1021 778 1189 861 spiritua·

83 883 119 948 lis
134 885 201 948 sibi
216 885 426 968 praestituti
442 886 516 948 tria
534 885 816 968 offloiaimplere
834 891 989 966 tenetur,
1009 885 1138 968 quibus
1155 888 1191 949 et

83 989 208 1056 Statum
222 991 374 1074 adJuvat
391 993 429 1057 in
447 993 573 1058 ordine
590 993 775 1059 felicitatis
804 993 1029 1077 temporalis,
1045 999 1081 1057 et
1109 1010 1190 1075 pro·

82 1100 186 1181 prium
203 1117 354 1182 scopum
383 1099 420 1165 in
439 1101 565 1165 ordine
593 1101 775 1184 spirituali
806 1101 964 1185 attingit:
995 1105 1191 1184 eapropter

81 1206 238 1272 societati
257 1208 359 1272 civili
379 1225 484 1290 opem
501 1209 598 1272 ferre
612 1207 731 1274 debet:
752 1210 800 1274 1.⁰
817 1209 983 1274 absolute
1001 1213 1037 1272 et
1054 1225 1120 1291 per
1137 1225 1189 1289 se,

82 1318 260 1380 externam
276 1333 416 1380 morum
448 1314 676 1380 honestatem
698 1315 944 1401 promovendo,
973 1316 1068 1399 quod
1094 1315 1191 1399 equi·

81 1419 151 1486 dem
164 1421 322 1486 maxime
336 1423 444 1504 juvat
461 1427 497 1487 et
510 1423 702 1505 plurimum
720 1425 862 1489 confert
875 1423 921 1486 ad
934 1423 1191 1488 sanctificatio·

80 1545 153 1593 nem
169 1529 208 1594 in
232 1531 419 1612 praesenti
437 1531 514 1594 vita
530 1530 749 1613 gignendam
774 1536 811 1596 et
824 1531 1020 1595 coelestem
1037 1530 1190 1594 beatitu-

81 1633 189 1700 dinem
206 1637 245 1700 in
258 1636 382 1701 futura
410 1636 695 1719 adipiscendam3
715 1636 766 1701 2.⁰
784 1655 849 1721 per
867 1637 1008 1702 modum
1027 1639 1190 1722 regulae,

81 1742 254 1822 publicam
273 1743 578 1826 tranquillitatem
596 1745 751 1826 tutando,
783 1746 881 1828 quia,
892 1745 999 1827 juxta
1027 1745 1193 1828 Apostoli

80 1849 331 1932 testimonium,
350 1850 484 1915 bonum
501 1855 556 1915 est
573 1851 610 1915 in
637 1869 771 1934 genere
795 1871 861 1917 nos
897 1852 1132 1935 tranquillam
1157 1855 1193 1917 et

81 1957 231 2038 quietam
250 1957 366 2021 vitam
384 1974 507 2041 agere,
527 1962 565 2022 ut
581 1976 673 2041 paee
691 1959 819 2023 sociali
834 1959 971 2042 habita,
988 1962 1024 2024 et
1036 1960 1193 2025 felicitas

79 2064 284 2146 temporalis
300 2063 506 2129 obtineatur
523 2069 559 2130 et
573 2065 659 2130 ordo
678 2067 826 2130 moralis
844 2070 1024 2147 servetur,
1045 2083 1091 2130 ex
1123 2085 1193 2149 quo

79 2171 259 2254 religionis
274 2171 393 2236 cultus
411 2177 448 2236 et
462 2171 698 2238 observantia
711 2191 939 2257 summopere
952 2173 1124 2256 pendent;
1142 2172 1194 2237 3.⁰

80 2296 137 2360 per
153 2278 423 2360 exceptionem,
439 2279 635 2361 positivum
653 2297 867 2345 concursum
882 2287 1031 2364 propter
1055 2281 1193 2363 specia-

79 2384 122 2448 lia
134 2385 310 2468 adjuncta
319 2387 520 2470 praebendo
537 2387 574 2451 in
592 2389 775 2452 nonnullis
792 2388 1055 2471 temporalibus
1070 2387 1192 2453 Eccle·

80 2492 148 2557 siae
161 2497 197 2557 et
214 2491 333 2558 Statui
351 2509 467 2575 aeque
485 2493 714 2577 necessariis,
735 2495 786 2558 uti
801 2495 837 2559 in
855 2495 952 2560 bello
977 2513 1058 2560 cum
1086 2494 1194 2560 hosti-

80 2597 138 2662 bus
153 2599 310 2664 nominis
329 2598 533 2682 christiani,
553 2601 614 2683 qui
631 2600 868 2683 Reipublicae
885 2607 921 2666 et
949 2601 1136 2667 Ecclesiae
1150 2601 1195 2665 si·

79 2706 145 2770 mul
163 2706 407 2788 imminerent3
428 2711 514 2771 tune
548 2708 643 2772 enim
676 2708 862 2790 utriusque
895 2709 1094 2789 societatis,
1121 2711 1195 2772 tum

80 2812 280 2895 religiosae,
299 2813 521 2896 tumcivilis,
541 2814 663 2897 magni
695 2815 859 2896 interest,
891 2815 1023 2879 mutuis
1055 2813 1195 2879 viribus

80 2917 258 3002 adhibitis,
278 2920 443 2985 ordinem
461 2921 670 3003 religiosum
683 2926 720 2985 et
736 2921 907 2986 socialem
927 2921 963 2984 in
977 2920 1194 3003 gravissimo

80 3025 282 3092 discrimine
297 3031 509 3092 versantem
526 3029 630 3092 tueri.

164 3133 242 3199 199.
291 3131 420 3200 Officia
431 3138 587 3220 positiva
604 3153 650 3200 ex
670 3135 849 3199 charitate
862 3138 1117 3218 nuncupantur
1131 3136 1196 3200 iila

80 3257 167 3321 quae
184 3240 342 3305 societas
360 3241 549 3307 dominans
564 3242 715 3324 exsequi
739 3245 861 3324 potest
875 3246 911 3307 et
924 3242 1120 3326 aliquando
1138 3242 1195 3307 de-

79 3345 135 3410 bet
151 3363 243 3430 erga
255 3347 468 3412 societatem
487 3349 774 3430 subordinatam,
793 3367 865 3413 non
892 3367 937 3413 ex
963 3349 1106 3430 Justitia
1132 3367 1197 3414 seu

80 3453 298 3537 obligatione
312 3455 483 3538 Juridica,
499 3455 563 3520 sed
580 3475 626 3522 ex
643 3474 744 3521 mera
776 3456 957 3521 charitate
975 3461 1039 3521 aut
1068 3457 1197 3521 morali

80 3560 311 3644 obligatione;
327 3564 514 3629 enimvero
532 3563 689 3628 officium
708 3563 896 3628 charitatis
911 3568 966 3628 est
998 3562 1197 3628 subsidium

80 3667 172 3734 ferre
190 3669 286 3750 aliia,
300 3668 337 3734 id
354 3675 410 3735 est
423 3688 552 3736 curare
572 3671 731 3736 alienum
749 3671 882 3735 bonum
899 3673 1050 3754 propter
1072 3688 1197 3736 eorum

80 3777 333 3841 necessitatem
347 3778 438 3843 citra
452 3779 646 3843 utilitatem
664 3797 708 3842 ae
721 3779 977 3844 necessitatem
996 3779 1194 3862 propriam.

165 3882 333 3949 Ecclesia
349 3885 458 3967 igitur
475 3886 614 3951 Statum
628 3888 760 3968 juvare
776 3891 908 3970 potest,
926 3889 963 3951 et
979 3885 1102 3968 reipsa
1119 3905 1196 3952 sae-

80 3989 225 4070 pissime
241 4009 345 4056 suum
358 3992 579 4074 praesidium
596 4009 753 4076 suasque
779 4009 866 4076 opes
896 3991 1011 4058 eidem
1045 3993 1198 4058 contulit

82 4113 142 4177 pro
161 4099 417 4181 aggrediendis
432 4105 468 4166 et
486 4100 531 4165 ad
549 4101 692 4166 felicem
710 4103 846 4165 exitum
863 4099 1104 4183 perducendis
1136 4119 1196 4166 ne-

82 4205 185 4285 gotiis
202 4224 300 4272 mere
318 4209 593 4292 temporalibus,
613 4225 706 4292 quae
740 4209 875 4274 nullam
909 4209 970 4274 vel
1002 4209 1196 4274 remotissi-

74 4328 175 4378 mam
190 4316 452 4381 connexionem
467 4333 547 4381 cum
565 4334 627 4380 suo
642 4315 711 4381 fine
725 4316 921 4399 habebant,
937 4316 1103 4399 quamvis
1117 4334 1196 4399 pro-
