3120 4988
579 461 736 520 ,55-

17 639 19 646 ν
97 611 209 688 poscet
222 603 404 690 ditipentia
419 606 627 690 disciptinae
642 607 703 688 (1).
721 606 763 672 In
782 605 946 689 Epistola
976 607 1023 672 ad
1041 606 1220 673 Marcelli·

100 731 179 776 num
196 711 345 776 Africae
363 713 557 795 tribunum,
578 731 691 795 agens
705 715 782 797 jam
808 714 852 778 de
870 715 1061 780 coactione
1080 715 1219 781 directa

101 835 161 900 per
177 817 379 902 Episcopos
397 818 514 900 illata,
534 838 614 884 eum
632 821 771 903 laudat,
790 821 875 906 quia
891 823 1066 905 puniebat
1098 822 1220 887 Dona·

101 925 214 990 listas:
242 925 426 1012 Virparum
439 927 644 1010 uerberibus,
664 930 722 1012 qui
739 930 861 994 modas
875 931 1134 996 caerciletioaie
1151 938 1182 996 et
1199 951 1221 996 a

101 1035 275 1119 mapietrt's
291 1035 488 1100 liberalium
501 1037 630 1101 artium
645 1043 675 1101 et
692 1039 733 1102 ab
752 1038 841 1122 ipsis
855 1039 1063 1123 parentibus
1076 1046 1107 1104 et
1119 1059 1221 1124 saepe

102 1141 201 1206 etium
231 1143 269 1206 in
293 1142 445 1228 judiciis
476 1143 518 1208 ab
550 1143 721 1228 episcopis
748 1144 833 1210 solet
864 1144 1022 1210 adit-iberi
1054 1143 1115 1226 (2).
1150 1144 1220 1210 De·

101 1266 208 1332 mum,
222 1267 302 1313 cum
316 1250 533 1314 Donatistae
547 1250 746 1316 catholicos
761 1258 989 1336 accusarent,
1006 1253 1111 1336 quasi
1124 1252 1220 1317 deie-

101 1356 234 1422 cissent
247 1359 292 1422 ab
304 1359 482 1440 exemplis
497 1359 754 1441 Apostolorum
772 1365 808 1424 et
824 1361 1032 1444 praeceptis
1061 1359 1218 1443 Domini,
1236 1399 1238 1402 -

101 1463 304 1529 invocando
323 1471 451 1530 centra
468 1467 566 1549 ipsos
600 1466 700 1549 leges
717 1467 938 1550 imperiales,
964 1468 1064 1532 hisce
1098 1467 1220 1532 verbis

102 1572 297 1654 alloquitur
314 1573 360 1636 ad
374 1574 541 1638 comitem
557 1551 795 1639 Bonifiacium:
814 1573 912 1650 Quod
925 1576 1146 1640 enirndicuut
1163 1574 1221 1658 qui

102 1687 217 1744 conire
235 1701 318 1745 suas
333 1682 542 1766 impietates,
561 1682 775 1769 tepesjuctae
787 1683 924 1747 institui
942 1684 1070 1760 nolunt,
1084 1703 1153 1746 non
1161 1701 1220 1765 pe-

103 1788 192 1850 tiisse
222 1789 393 1872 crepitans
426 1795 538 1854 terrae
569 1789 743 1872 apostolos
772 1791 870 1871 talia,
902 1811 970 1854 aon
1002 1785 1222 1854 conciderunt

103 1895 196 1959 eliud
206 1895 318 1981 fuisse
333 1903 413 1960 tunc
430 1903 574 1981 tempus,
591 1905 622 1962 et
639 1898 754 1962 omitia
767 1899 840 1962 saia
854 1898 1063 1982 temporibus
1077 1899 1133 1984 api
1159 1899 1170 1978 (
1195 1897 1218 1974 ).

493 2196 756 2265 ARTIOULUS
773 2198 823 2264 IV

539 2409 780 2462 SUMMARIUM.

106 2587 143 2638 tl.
155 2584 302 2649 Quaenam
316 2583 510 2651 praenotanda
523 2584 559 2637 de
573 2583 773 2651 superioritate
783 2585 1019 2639 Ecclesiae—35.
1033 2585 1148 2654 Triplex
1161 2600 1223 2638 con·

169 2658 241 2710 ditio
252 2657 421 2710 societatum
440 2661 570 2724 respectu
595 2658 827 2712 Ecclesiae—36.
852 2656 971 2724 Triplex
995 2656 1222 2725 primatus—37.

170 2729 247 2792 Quoi
259 2728 436 2795 hypotheses
446 2728 515 2795 fingi
531 2729 643 2794 possint
656 2729 730 2782 inter
743 2729 895 2782 relationes
919 2729 1063 2782 Ecclesiae
1076 2733 1105 2782 et
1118 2730 1222 2782 Status.

169 2801 248 2854 —88.
261 2799 357 2852 Tertia
377 2800 480 2852 Thasie
500 2815 550 2852 seu
565 2801 734 2869 principium
761 2801 1065 2854 fundamentum-39.
1082 2799 1224 2852 Probatur

170 2872 319 2940 Majoritss
332 2871 476 2924 Ecclesiae
492 2887 559 2938 prae
575 2872 655 2924 Statu
668 2872 834 2926 civili—40.
848 2873 944 2927 Verus
969 2875 1122 2938 conceptus
1148 2874 1223 2937 pote

170 2943 254 2998 statis
266 2943 412 2996 Ecclesiae
424 2943 455 2996 in
468 2945 580 2998 civilem
594 2943 850 2998 societatem-ll.
870 2943 1062 3012 objectiones.

188 3105 244 3170 34.
293 3105 553 3170 Demonstrata
581 3104 740 3187 juridica
768 3105 957 3172 Ecclesiae
996 3103 1222 3188 perfectione

110 3211 340 3296 absolutaque
353 3213 431 3294 ejus
444 3211 727 3294 independcutia
741 3214 778 3278 in
792 3231 855 3279 suo
871 3213 1010 3295 ordine,
1027 3211 1223 3278 videndum

108 3319 205 3384 nlodb
222 3325 390 3404 superest
406 3324 525 3385 utrum
541 3320 697 3385 societas
713 3340 734 3384 a
748 3319 889 3386 Christo
908 3321 1073 3385 instituta
1088 3319 1222 3384 haben·

110 3426 150 3490 da
165 3430 212 3494 ait
228 3429 345 3511 major
362 3447 426 3494 seu
439 3429 605 3511 superior
638 3446 727 3512 prae
760 3429 936 3493 societate
970 3428 1083 3509 civili;
1118 3427 1223 3507 hujus

111 3537 324 3616 quaestionis
342 3535 472 3600 solutio
491 3537 648 3600 maxime
681 3537 832 3600 interest
864 3542 937 3601 tum
970 3554 1035 3617 pro
1065 3534 1220 3615 iuribus

110 3657 196 3723 quae
209 3644 352 3726 utrique
367 3644 541 3726 potestati
555 3647 775 3726 competunt,
791 3643 960 3708 distincte
974 3639 1220 3718 aspernandis,

111 3751 177 3814 turn
205 3768 269 3833 pro
299 3751 538 3816 relationibus
567 3751 811 3815 sacerdotium
840 3751 935 3816 inter
968 3756 1004 3815 et
1032 3751 1222 3832 imperium

110 3859 203 3922 recte
220 3858 444 3923 definiendis.
463 3857 533 3923 Sed
551 3864 747 3942 antequam
761 3859 855 3923 hanc
889 3857 1223 3943 praestantisimam

112 3967 392 4030 controversiam
409 3966 680 4050 aggrediamur,
702 3969 739 4030 ut
757 3970 876 4030 status
895 3965 1117 4049 quaestionis
1152 3981 1223 4028 me·

114 4109 264 4124 ’,ε-σι-

174 4241 213 4306 (i)
248 4239 310 4294 Lib.
324 4241 360 4296 11.
373 4239 497 4296 Retract.
519 4258 580 4309 cap.
595 4242 629 4295 V.

175 4313 213 4375 (2)
249 4309 340 4380 Epist.
357 4316 415 4366 lea.
429 4313 466 4366 cd
477 4311 681 4367 Marcellinum.

174 4383 211 4450 (3)
246 4380 335 4452 Epist.
352 4387 410 4438 185.
423 4383 461 4438 ad
472 4383 659 4456 Bonisaciam,
672 4399 733 4452 cap.
747 4386 772 4439 5.
