3024 4994
535 417 712 475 -231-

82 561 141 622 tum
157 575 198 622 cx
216 559 406 625 voluntate
423 559 459 625 S.
478 560 575 626 Petri
604 561 777 644 explicite
795 562 967 628 revelata
981 563 1042 627 vel
1069 563 1183 647 impli-

82 665 138 730 cite
150 665 300 731 deducta
317 683 362 730 ex
379 684 446 731 sua
465 668 598 750 agendi
611 669 766 750 ratione,
785 672 859 734 tum
873 685 919 733 ex
944 687 986 734 eo
1005 669 1099 752 quod
1123 687 1183 734 au·

81 771 210 835 ctoritas
227 770 262 837 S.
282 771 380 837 Petri
397 772 574 856 Populum
591 773 790 840 Romanum
824 777 1010 856 pascentis
1028 775 1185 842 nonfuit

81 877 195 958 duplex
213 883 388 962 potestas,
404 879 577 944 distincta
594 885 631 945 et
647 886 834 964 separata,
853 882 1073 965 episcopalis
1089 881 1184 946 scili-

81 991 128 1050 cet
142 991 174 1050 et
184 986 414 1069 primatialis,
433 988 497 1052 sed
513 988 620 1053 unica
635 989 848 1072 eademque,
867 989 1048 1071 nimirum,
1063 993 1184 1054 aucto-

81 1095 154 1159 ritas
169 1113 340 1178 suprsma
356 1099 467 1178 atque
484 1096 673 1178 pontificIa
692 1097 879 1180 applicata
896 1096 1033 1180 Populo
1059 1097 1184 1162 Roma·

80 1220 129 1283 no,
142 1202 230 1268 unde
243 1202 304 1285 qui
321 1208 404 1286 post
417 1203 494 1285 ejus
508 1207 660 1269 mortem
674 1205 710 1268 in
726 1205 940 1286 episcopatu
952 1204 1182 1286 successerit,

79 1307 109 1370 iu
123 1307 270 1388 primatu
289 1306 401 1372 etiam
418 1308 615 1374 succedere
634 1309 794 1374 deberet.

154 1414 226 1481 141.
275 1414 378 1497 dura,
405 1434 499 1499 quae
523 1416 695 1482 Romanis
712 1417 945 1483 Pontificibus
962 1420 1184 1500 competunt,

79 1537 117 1584 ex
131 1519 260 1602 triplici
275 1529 477 1586 memorata
490 1527 673 1605 potestate
690 1528 916 1607 repetuntur.

153 1627 294 1693 Virtute
325 1629 521 1696 Potestatis
559 1631 749 1717 Supremos
781 1649 848 1696 seu
887 1632 1109 1697 Primotiolis
1141 1630 1188 1695 ad

79 1731 261 1800 Romanum
276 1735 487 1801 Pontificem
504 1740 694 1822 peaerattm
712 1737 899 1820 pertinent
913 1755 1036 1802 omnes
1053 1754 1186 1802 causae

78 1843 211 1926 nrcjorer
243 1842 467 1925 appellatae,
504 1844 570 1909 sub
605 1862 676 1927 qua
709 1844 1004 1909 denominatione
1035 1844 1188 1910 veniunt

79 1963 196 2012 causae
212 1948 447 2014 Pontificibus
471 1951 614 2016 ratione
644 1953 821 2035 primatus
851 1953 912 2018 vel
941 1953 1187 2034 suprematiae

79 2055 289 2139 reservatae,
308 2073 401 2139 quae
420 2057 575 2140 triplicis
589 2059 734 2141 generis
748 2075 828 2125 essa
845 2063 1009 2142 possunt:
1025 2060 1186 2124 essentia·

78 2160 146 2226 liter
173 2163 341 2245 majores,
361 2165 522 2246 majores
535 2187 602 2251 per
619 2187 654 2232 se
672 2169 709 2231 et
735 2166 893 2248 majores
915 2185 982 2252 per
1015 2166 1186 2231 arrideas.

78 2265 220 2348 dlajores
238 2271 470 2336 essentialiter
496 2272 676 2355 dicuntur,
696 2289 790 2356 quae
809 2272 973 2355 delegari
991 2275 1187 2354 nequeunt,

79 2376 151 2456 quia
165 2377 466 2442 infallibilitatem
485 2381 684 2463 postulant,
712 2397 806 2464 quae
824 2380 967 2462 quidam
985 2379 1188 2463 personalis

80 2484 208 2548 omnino
221 2487 290 2565 est;
309 2501 443 2550 causae
461 2487 618 2568 majores
632 2508 700 2572 per
730 2509 775 2570 se,
793 2505 900 2570 quae,
931 2487 1099 2569 quamvis
1127 2484 1189 2551 Su-

80 2591 358 2675 premoPriucipi
368 2593 429 2659 vel
439 2592 603 2658 Pontifici
615 2600 842 2677 reservatae,
857 2599 941 2658 sunt
952 2593 1188 2675 delegabiles,

80 2704 109 2762 st
122 2701 229 2765 semel
245 2700 347 2764 facta
364 2700 608 2783 delegatione,
628 2702 719 2766 liunt
752 2703 921 2783 minorem
942 2702 1099 2782 majores
1123 2722 1191 2787 per

80 2808 234 2889 accidens,
251 2825 358 2891 quae,
384 2807 471 2874 licet
487 2825 533 2872 err
548 2809 603 2873 sui
620 2815 751 2874 natura
768 2809 925 2873 minores
957 2808 1041 2888 sint,
1060 2812 1096 2872 et
1115 2825 1188 2871 ma·

80 2913 279 2992 gistratibus
298 2914 532 2980 inferioribus
548 2921 610 2980 aut
626 2914 817 2998 Episcopis
831 2918 1052 2997 competant,
1068 2919 1191 2978 tamen

81 3036 118 3084 ex
132 3022 320 3086 voluntate
350 3022 534 3086 Pontificio
565 3041 630 3087 suo
644 3022 781 3104 judicio
799 3025 1012 3087 reservatae
1029 3027 1188 3102 manent,

81 3127 168 3192 atita
180 3129 269 3193 fiunt
286 3130 512 3216 majoresper
528 3130 700 3194 accidens.

157 3235 344 3322 speciatim
361 3254 448 3301 vero
467 3237 628 3302 Romano
660 3236 826 3301 Pontifici
845 3235 880 3300 vi
909 3234 1103 3300 Potestatis
1127 3235 1190 3301 Su·

77 3359 205 3424 promae
222 3360 316 3426 quae
346 3343 383 3407 in
414 3343 654 3429 lepislotioam,
675 3343 885 3430 judicialem
901 3347 937 3407 et
961 3342 1192 3408 aasecutioom

82 3450 248 3534 tribuitur,
269 3451 459 3534 sequentia
477 3455 686 3534 competunt
695 3451 806 3532 jurat,

157 3557 211 3622 Ex
227 3561 410 3640 potestate
428 3558 586 3643 lapidera:
604 3553 651 3622 1.⁰
661 3557 721 3638 jus
739 3555 880 3621 ferendi
898 3556 1010 3638 leges,
1030 3557 1109 3622 sive
1126 3573 1192 3639 pro

84 3661 242 3729 universa
258 3663 437 3746 Ecclesia,
454 3665 533 3730 aive
548 3681 614 3746 pro
630 3664 912 3747 particularibus
927 3663 1103 3742 ecclesiis,
1119 3668 1192 3728 tum

85 3767 274 3851 scitatum
304 3770 342 3833 in
361 3769 528 3850 concilio;
547 3769 599 3833 2.⁰
628 3769 688 3851 jus
706 3769 829 3834 tuendi
862 3786 986 3834 sacros
1019 3786 1191 3851 canones;

85 3870 191 3957 3.⁰jus
209 3877 406 3958 indicendi,
424 3876 692 3957 transferendi,
709 3876 966 3959 suspendendi,
985 3876 1192 3960 praesiden-

86 3975 115 4042 di
131 4029 138 4062 ,
154 3982 346 4049 claudendi
363 3989 400 4048 et
424 3982 661 4049 confirmandi
680 3984 835 4047 concilia
854 3985 1029 4069 pancratio
1048 3987 1085 4048 et
1106 4005 1192 4070 par·

87 4087 237 4156 ricciario
262 4098 458 4176 partorum,
480 4108 573 4173 quae
593 4090 639 4154 ab
667 4107 709 4154 eo
737 4089 902 4154 instituta
930 4096 1025 4171 sunt3
1058 4090 1112 4154 4.⁰
1135 4090 1194 4172 Jus

88 4193 285 4282 abrogandi,
305 4198 505 4282 derogandi
538 4203 575 4262 et
608 4197 842 4281 dispensandi
859 4199 896 4263 in
926 4198 1090 4264 omnibus
1107 4197 1194 4280 legi-

88 4298 144 4368 bus
162 4307 429 4390 scclesiasticis,
460 4307 614 4390 ideoque
646 4305 754 4371 etiam
785 4307 819 4370 in
849 4305 1192 4390 irregularitatibus.
