3034 4990
581 409 758 468 -375-

88 555 236 637 stinxit,
257 555 301 619 in
316 555 529 636 essentialia,
549 571 642 636 quae
667 553 883 618 institutioni
902 553 1081 616 Primatus
1099 570 1228 636 perpe·

88 675 149 727 tuo
167 663 389 743 inhaerent,
404 669 440 725 et
452 662 657 738 adventitia,
678 679 771 743 quae
805 659 968 724 amoveri
999 667 1161 742 possunt,
1193 666 1229 725 et

90 773 126 831 ut
138 769 349 849 plurimum
363 767 509 849 debent,
522 785 604 832 cum
616 767 690 831 siut
702 767 912 831 invasiones
928 763 1029 830 Sedis
1044 765 1229 830 Romanae

89 875 124 938 in
137 875 310 940 aliarum
327 875 596 938 detrimentum.

171 983 198 1059 ⁰)
230 981 496 1046 Plenitudinem
511 979 691 1043 Primatus
724 977 869 1042 omuino
888 976 1109 1059 pessumdat,
1143 977 1229 1059 quia

88 1085 285 1150 Romanus
302 1085 472 1149 Pontifex
485 1084 611 1149 eodem
626 1075 740 1166 pollet
756 1084 974 1149 distributive
999 1083 1037 1147 in
1066 1083 1228 1164 singulas

91 1190 301 1274 Ecclesiae,
321 1199 528 1256 nouantem
546 1192 717 1256 collective
734 1192 772 1255 in
785 1195 900 1254 totam
913 1189 1129 1254 Ecclesiam:
1145 1191 1229 1254 hinc

91 1314 252 1378 pronum
274 1297 690 1380 eratinierre-Papam
703 1297 841 1378 Judieio
862 1295 1013 1360 Concilii
1045 1298 1228 1378 generalis

92 1404 227 1486 subjici
246 1407 327 1468 tum
345 1404 467 1488 quoad
479 1403 595 1484 fidem,
617 1409 692 1468 tum
709 1403 829 1486 quoad
862 1400 1229 1467 mores—Concilium

92 1527 214 1593 neque
234 1528 351 1593 ogere
367 1511 634 1576 convocatione
648 1510 801 1574 Romani
815 1509 1011 1590 Pontifleis,
1042 1526 1160 1592 neque
1177 1509 1228 1572 in·

95 1617 181 1682 vitis
197 1617 399 1701 Episcopis
413 1615 586 1698 suspendi
603 1621 666 1680 aut
691 1615 842 1683 dissolvi
874 1616 920 1679 ab
950 1615 1076 1680 eodem
1106 1633 1226 1698 posse,

93 1739 230 1806 neque,
252 1741 336 1788 cum
355 1723 465 1788 fuerit
481 1723 632 1804 linitum,
653 1723 814 1805 ejusdem
844 1721 1009 1804 indigere
1040 1723 1228 1786 conflrma-

95 1831 410 1896 tione—Decreta
427 1829 580 1896 concilii
597 1831 707 1895 etiam
725 1829 977 1912 disciplinaris
1007 1847 1029 1894 a
1055 1829 1230 1894 Pontiflce

95 1939 276 2022 abrogari
296 1943 360 2003 aut
372 1939 556 2003 immutari
574 1937 1048 2024 nequire-Appellatioaem
1063 1957 1083 2002 a
1101 1939 1228 2002 Roma·

96 2045 131 2108 ni
143 2045 338 2110 Pontificis
352 2045 534 2110 sententia
548 2045 595 2109 ad
609 2044 810 2110 Concilium
829 2043 1011 2110 Generale
1023 2045 1230 2127 regularem

99 2167 141 2216 ac
156 2152 367 2235 legitimam
385 2169 478 2217 esse.
648 2233 652 2240 1

176 2257 204 2343 ³)
221 2259 524 2346 Iasallitilitatem
541 2258 723 2322 Primatus
740 2259 892 2340 respuit,
911 2257 1043 2346 etenim
1061 2258 1098 2321 in
1111 2257 1228 2322 lebro-

100 2366 211 2432 niana
229 2368 416 2434 sententia
450 2367 542 2433 haec
574 2367 839 2448 praerogativa
869 2367 1057 2432 Ecclesiae
1089 2372 1229 2430 tantum

100 2471 206 2554 inest,
228 2475 443 2557 neutiquam
459 2491 548 2538 vero
566 2474 727 2537 Romano
742 2473 920 2555 Pontifici,
939 2491 1057 2557 neque
1070 2472 1229 2540 Genera-

101 2578 124 2642 li
138 2578 319 2662 Concilio,
339 2598 490 2662 quorum
509 2579 659 2644 decreta
690 2580 941 2663 disciplinaris
971 2581 1016 2645 ad
1034 2582 1108 2645 vim
1142 2581 1229 2645 obli·

101 2687 212 2766 gaudi
225 2686 461 2752 obtinendam
477 2686 635 2756 fidelium
650 2689 905 2768 acceptatione
920 2687 1095 2768 indigent.

189 2793 245 2858 3.⁰
293 2792 400 2859 Circa
423 2799 642 2876 potestatem
669 2795 900 2878 episcopatem
933 2809 997 2855 seu
1026 2791 1229 2872 subjectum

104 2901 335 2965 auctoritatis
345 2902 520 2985 publicae,
537 2898 896 2966 Pseudo-Febronius
921 2899 1049 2962 statuit
1065 2897 1229 2979 singulos

104 3001 305 3090 Episcopos
323 3007 567 3072 immediatea
585 3005 728 3072 Christo
743 3005 931 3088 accepisse
945 3009 1150 3089 potestatem
1170 3005 1230 3090 ju·

104 3114 322 3180 riedicticnis
352 3136 421 3179 noa
453 3135 550 3180 secus
585 3135 626 3179 ac
660 3121 866 3198 potestatem
894 3113 1041 3190 ordinis;
1076 3111 1230 3193 ideoque

105 3234 230 3287 eorum
243 3229 462 3305 potestatem
480 3229 554 3286 tum
583 3222 620 3285 in
636 3237 695 3286 res
712 3220 808 3300 fidei,
841 3226 916 3284 tum
945 3220 984 3283 in
1016 3219 1230 3301 disciplinae

106 3330 228 3410 capita
240 3331 383 3415 plenam
399 3333 437 3394 et
452 3331 644 3396 absolutam
661 3345 753 3393 esse:
773 3327 858 3391 hinc
881 3342 1031 3408 prorsus
1066 3325 1231 3406 rejicit-

105 3437 363 3501 necessitatem
378 3436 590 3500 recurrendi
608 3434 654 3499 ad
670 3434 801 3499 Sedem
819 3433 1069 3514 Apostolicam
1085 3432 1122 3494 in
1151 3451 1229 3495 cao-

106 3541 245 3629 eisficlei
274 3550 311 3608 et
342 3544 379 3607 iu
412 3543 568 3607 caeteris
598 3545 714 3607 caecis
743 3542 947 3628 majoribus,
979 3540 1041 3604 vel
1068 3538 1228 3622 petendi,

107 3661 186 3714 oum
204 3665 295 3732 opus
312 3654 380 3729 est,
399 3649 444 3712 ab
459 3648 585 3712 eadem
607 3649 898 3729 dispensationes
927 3647 973 3711 ab
998 3645 1042 3709 iis
1074 3643 1228 3727 legibus,

108 3767 200 3834 quae
217 3755 264 3821 ad
277 3756 336 3838 jus
354 3771 544 3820 commune
558 3755 848 3819 ecclesiasticum
866 3753 1155 3835 pertinent-J'us
1168 3768 1230 3832 po-

106 3863 276 3927 testatem
304 3862 568 3945 Episcoporurn
593 3861 807 3925 coarctandi
823 3877 940 3942 neque
958 3859 1071 3943 quoad
1087 3878 1155 3938 rec,
1170 3874 1230 3920 ue·

108 3981 176 4046 que
191 3969 306 4054 quoad
315 3989 494 4054 personas,
508 3968 739 4051 exemptiones
757 3967 994 4052 Repulcrium,
1026 3965 1231 4030 reservatio·

110 4091 166 4138 aes
182 4096 333 4156 caenam,
347 4075 585 4160 beneficiorem
598 4076 635 4136 et
648 4080 870 4153 annotarem,
888 4072 1033 4153 aliaque
1051 4069 1088 4134 id
1117 4087 1231 4153 genus

111 4179 223 4246 voluti
239 4181 391 4246 totidem
417 4181 551 4244 abusus
582 4178 1051 4243 damnando—iacultatem
1079 4175 1231 4241 Romani

112 4279 294 4354 Pontificis
306 4288 354 4353 ad
363 4287 539 4372 quidlibet
560 4285 596 4350 in
614 4283 878 4368 Episcoporum
913 4283 1139 4351 dioecesibus
1172 4280 1230 4344 de-
