3030 4990
464 777 726 844 ARTIOULUS
744 779 804 844 VI.

514 1008 755 1083 stannatum.

85 1193 121 1246 ll.
139 1190 273 1255 Quintum
287 1191 468 1246 corollarium
481 1189 517 1243 de
525 1187 638 1257 juribus
651 1191 680 1242 et
688 1189 791 1243 officiis
804 1203 981 1242 summorum
993 1187 1197 1256 imperantium

146 1265 175 1316 in
194 1279 223 1317 rs
236 1263 458 1331 religiosa-48.
479 1261 635 1327 Religionis
648 1261 804 1314 necessitas
825 1262 856 1313 in
878 1262 1014 1313 socictate
1026 1260 1103 1314 civili
1121 1264 1198 1314 recte

145 1335 362 1390 ordinata-le.
370 1334 534 1388 Necessitas
543 1332 711 1386 moralitatis
721 1332 758 1386 ad
765 1331 908 1400 publicam
916 1332 1197 1399 tranquillitatem.-

147 1409 188 1459 50.
206 1408 372 1460 Necessitas
391 1405 537 1472 religionis
546 1408 577 1457 nt
586 1419 654 1458 vera
663 1405 809 1458 moralitas
819 1407 943 1457 existere
956 1406 1131 1470 queat-51.
1150 1403 1167 1456 J
1171 1419 1199 1455 u·

146 1494 177 1532 ra
189 1485 274 1546 atque
288 1477 383 1530 officia
396 1475 560 1542 Principum
574 1491 641 1542 erga
654 1477 820 1540 religionem
841 1475 1000 1528 naturalem
1014 1490 1064 1528 son
1077 1479 1145 1527 ante
1157 1491 1197 1528 re·

146 1551 407 1603 relationem—ti.
422 1547 524 1602 Officia
534 1546 750 1616 negativa-53.
762 1545 1076 1614 ministrantium-54.
1091 1545 1199 1598 Natura

146 1625 175 1676 et
187 1621 319 1676 extensio
331 1621 403 1688 juris
417 1618 609 1674 incumbentis
621 1622 757 1686 potestati
771 1620 849 1674 civili
860 1619 1026 1686 religionem
1039 1619 1197 1672 naturalem

146 1693 291 1747 socialiter
303 1691 487 1746 defendendi.

163 1881 220 1946 47.
263 1879 435 1962 Quintum
450 1880 696 1946 corollarium:
712 1881 803 1946 Jara
817 1887 848 1946 et
861 1881 977 1967 officia
990 1900 1200 1948 summorum

83 1989 321 2073 imperantium
334 1990 372 2054 in
385 2009 422 2054 re
439 1984 603 2074 religiosa
626 1987 821 2073 definienda
833 1995 913 2053 sant
931 2009 974 2053 em
996 1989 1199 2054 necessitate

81 2097 174 2180 finem
200 2096 359 2162 altimum
386 2095 601 2180 assequendi,
619 2097 690 2160 aive
702 2115 770 2180 per
786 2095 986 2180 religionem
1002 2095 1198 2160 naturalem

83 2209 153 2267 unte
172 2199 303 2270 01181811
319 2203 513 2285 adveniam,
530 2204 601 2268 sive
620 2223 688 2287 per
704 2203 902 2289 religionem
918 2204 1107 2270 revelatam
1117 2209 1199 2288 post

83 2304 252 2374 Ecclesiae
268 2308 528 2375 institutionem.

162 2415 278 2480 Juxta
310 2415 379 2480 hoc
412 2415 645 2480 corollarium
678 2417 869 2482 evidenter
897 2420 1001 2500 patet
1031 2420 1199 2480 naturam

84 2523 319 2602 (quantitatem
350 2527 387 2586 et
415 2523 631 2606 qualitatem)
662 2523 797 2604 jurium
830 2527 940 2607 atque
984 2524 1197 2604 officiorum,

84 2644 170 2709 quae
200 2629 235 2694 in
264 2628 391 2694 ordine
419 2629 590 2712 religioso
619 2631 845 2713 principibus
874 2634 1097 2714 competunt,
1125 2635 1199 2694 tum

84 2737 161 2800 autc
173 2736 453 2820 revelationem,
469 2741 542 2801 tum
557 2742 640 2819 post
652 2737 927 2820 revelationem,
941 2736 1199 2803 desumendam

84 2848 115 2905 81
126 2842 407 2909 mensurandam
424 2861 505 2909 esse
519 2861 565 2909 ex
578 2845 806 2911 institutione
820 2851 929 2929 atquc
943 2844 1199 2928 superioritate

85 2952 265 3018 societatis
289 2952 484 3035 religiosae
501 2953 609 3018 finem
626 2953 794 3018 altiorem
822 2952 1086 3036 prosequentis.
1106 2949 1200 3015 Hinc

84 3056 150 3124 alia
167 3066 250 3126 eunt
264 3061 349 3144 Jnra
362 3067 399 3126 81
415 3061 536 3126 officia
553 3061 760 3146 principum
773 3059 892 3144 quoad
906 3060 1120 3143 religionem
1137 3076 1199 3123 na-

83 3167 230 3233 turalem
248 3186 313 3234 seu
330 3169 367 3232 in
384 3171 482 3233 statu
504 3170 590 3255 lepis
607 3170 792 3252 naturalis,
811 3169 885 3232 alia
902 3185 991 3233 vero
1009 3166 1128 3251 quoad
1145 3185 1199 3232 88-

83 3269 248 3354 ligionem
276 3275 480 3340 revelatam
503 3292 568 3340 888
596 3276 634 3340 18
662 3278 760 3340 statu
788 3275 872 3361 lepis
897 3276 1112 3361 evangelicas
1137 3274 1200 3336 aut

85 3379 300 3447 christianae.

168 3486 222 3552 De
239 3486 392 3569 singulis
408 3487 600 3570 speciatim
618 3487 849 3570 (1188888888,
864 3487 928 3552 sed
946 3486 1045 3570 priua
1064 3483 1201 3569 aliquid

86 3596 226 3660 summis
238 3594 347 3660 labiis
371 3594 612 3660 delibabimus
641 3596 685 3661 do
702 3595 922 3660 necessitate
954 3593 1140 3676 religionis
1164 3593 1201 3657 18

84 3701 176 3765 omni
191 3702 369 3767 societate
397 3702 466 3767 8118
496 3689 723 3786 organizata,
741 3701 1025 3786 tamquam-basi
1042 3700 1201 3765 firmissi-

84 3824 139 3871 ma
162 3813 198 3874 81
212 3808 448 3874 fundamento
473 3810 675 3893 potissimo,
696 3811 754 3876 881
783 3809 950 3875 188111188
974 3807 1066 3873 haec
1098 3825 1202 3890 prae·

85 3915 302 3981 stantissima
318 3914 534 4000 disquisitio.

168 4023 221 4088 48.
270 4023 410 4107 Religio
427 4025 638 4090 necessaria
656 4029 712 4090 881
739 4025 777 4089 18
795 4025 891 4090 omni
908 4024 1084 4089 societate
1101 4024 1202 4087 88818

85 4130 276 4196 8888111818
293 4131 340 4196 ad
357 4132 651 4214 consequendum
668 4132 775 4197 finem
804 4131 991 4215 proprium
1016 4129 1201 4195 societatis

85 4233 211 4300 civilis:
229 4237 310 4302 finis
333 4255 490 4322 namque
508 4240 676 4322 proprius
705 4239 892 4303 societatis
921 4238 1039 4302 civilis
1068 4237 1202 4301 181811-

87 4341 192 4408 citate
208 4343 393 4410 hominum
411 4347 604 4429 temporali
621 4347 710 4411 situs
729 4351 795 4428 est;
811 4345 875 4410 sed
892 4344 1022 4426 religio
1037 4362 1202 4410 necessa-
