3034 4990
790 353 968 412 -374-

316 498 401 562 liter
418 499 455 562 in
471 497 665 578 Praelatis;
680 496 763 562 hinc
780 497 817 562 in
832 495 998 562 Ecclesia
1014 496 1154 560 inducit
1175 495 1352 578 quoddam
1377 513 1427 558 re·

316 605 439 687 gimen
457 605 619 684 mixtum,
633 620 678 668 ex
693 602 916 668 democratia
930 609 966 668 et
980 603 1214 668 aristocratia
1227 603 1425 680 condatum

317 712 545 776 elementum¹
555 710 839 776 democraticum
856 728 903 774 ex
920 711 1138 774 necessitate
1170 726 1364 774 consensus
1394 709 1425 771 li·

319 815 452 880 delium
470 795 535 898 pro
553 817 682 882 valore
706 816 827 898 legum
845 816 1133 898 dogmaticarum
1164 820 1201 880 et
1231 815 1427 898 disciplina-

318 922 412 986 rium
430 923 625 1004 colligitur;
647 923 864 988 elementum
877 925 1169 989 aristocraticum
1185 923 1366 988 invenitur
1393 923 1426 985 in

319 1027 603 1110 amplificatione
632 1046 696 1094 seu
730 1031 939 1094 accretione
967 1030 1159 1114 potestatis
1192 1029 1428 1094 ministerialis

320 1133 583 1217 Episcoporum
616 1137 653 1200 in
684 1136 948 1220 praeiudicium
973 1137 1166 1220 potestatis
1191 1135 1428 1200 ministerialis

320 1240 456 1307 Summi
475 1243 672 1308 Pontificio.

410 1350 461 1414 ‘2³‘
509 1349 616 1418 Circa
633 1355 852 1433 potestatem
862 1351 1078 1436 pontificiam
1091 1367 1155 1414 seu
1171 1350 1364 1430 subjectum
1375 1369 1427 1412 aa·

315 1477 459 1544 promae
477 1458 717 1537 auctoritatis,
735 1456 906 1522 Nicolaus
924 1456 1118 1520 Hontheim
1135 1455 1291 1538 aliquem
1304 1455 1424 1518 Prima·

321 1567 397 1628 tum
413 1563 450 1626 in
467 1561 632 1626 Ecclesia
645 1579 725 1626 esse
740 1564 985 1628 necessarium
1017 1563 1160 1626 ratione
1195 1561 1336 1626 unitatis
1356 1576 1425 1622 ser·

322 1669 468 1733 vandae
487 1669 686 1750 profitetur,
707 1669 793 1732 licet
809 1669 921 1732 tradit
950 1685 1031 1732 eum
1047 1665 1130 1732 Sedi
1161 1667 1339 1730 Romanae
1353 1681 1427 1728 esse

323 1774 548 1838 vinculatum
554 1775 637 1855 jure
650 1773 914 1854 ecclesiastico,
927 1792 999 1838 non
1012 1773 1149 1852 divino,
1160 1773 1309 1854 ideoque
1322 1778 1424 1834 trans·

323 1879 412 1944 ierri
444 1897 563 1960 posse;
583 1879 815 1949 nihilomiuus
832 1881 1030 1946 auctoritas
1058 1880 1272 1961 primatialis
1302 1879 1335 1941 in
1365 1877 1426 1938 hoc

323 1993 523 2068 systemate
537 1994 592 2050 est
607 1991 662 2052 aui
678 1989 825 2071 poneris,
841 2005 929 2052 vere
954 1987 1203 2051 commentitia
1216 1987 1275 2048 vel
1292 2000 1427 2066 prorsus

324 2091 465 2174 fictitie,
499 2095 669 2174 quoniam
717 2093 917 2158 Febronius
941 2094 1236 2178 jurisdictionem,
1266 2099 1425 2168 naturam,

321 2199 573 2285 plenitudinem
602 2204 713 2282 atque
740 2201 1028 2286 infallibilitatem
1054 2199 1233 2264 Primatus
1265 2195 1425 2262 Pontificii

324 2305 435 2388 plane
451 2306 630 2370 inficiatus
648 2311 715 2370 est.

415 2410 443 2492 ⁵)
470 2411 756 2478 Jariadictionem
773 2411 953 2478 Primatus
981 2429 1001 2476 e
1031 2412 1147 2476 medio
1172 2413 1325 2491 sustulit,
1352 2409 1427 2491 quia

327 2518 467 2580 tantum
499 2515 643 2582 admisit
674 2519 869 2584 Primatum
896 2519 1160 2585 consociationis
1193 2517 1240 2582 nd
1270 2518 1424 2582 unitatem

325 2621 559 2704 servandam,
579 2629 711 2690 etcum
731 2623 856 2690 modus
873 2624 1055 2706 legitimus
1080 2625 1232 2688 curandi
1257 2623 1426 2688 Ecclesiae

327 2728 502 2794 unitatem
520 2731 658 2811 positus
675 2733 722 2796 sit
735 2732 770 2796 in
785 2731 1009 2816 adoipilando
1027 2738 1064 2794 et
1077 2731 1270 2816 diripeado,
1287 2748 1355 2794 non
1375 2744 1424 2791 ve·

328 2852 370 2900 ro
383 2835 420 2899 in
438 2836 615 2918 cogendo,
630 2844 755 2919 posset
779 2838 889 2902 etiam
907 2837 1083 2918 ejusmodi
1110 2836 1290 2900 Primatus
1317 2833 1426 2900 vocari

331 2943 555 3026 inspectionis
572 2951 609 3010 et
636 2944 943 3012 directiontahinc
954 2943 1281 3008 excommunicatio
1294 2942 1427 3008 Romani

330 3046 528 3130 Pontificio,
540 3051 646 3130 Juxta
663 3051 834 3116 Febronii
847 3051 1033 3132 placitum,
1047 3053 1124 3115 lata
1138 3055 1176 3114 ut
1189 3054 1290 3116 actus
1300 3047 1426 3131 jurisdi·

330 3153 472 3235 ctionis,
493 3158 529 3222 vi
543 3158 702 3239 juridice
718 3164 831 3240 caret,
850 3158 1025 3224 Ecclesiis
1051 3157 1333 3240 particularibus
1361 3175 1428 3222 san·

330 3261 404 3324 cita
421 3263 531 3326 robur
547 3263 667 3344 habet,
685 3271 794 3348 atque
811 3266 991 3330 immerito
1013 3265 1150 3328 inflicta
1164 3265 1343 3348 patienter
1353 3263 1427 3326 tole-

328 3369 446 3432 rande
464 3376 519 3434 est
536 3371 638 3436 velut
654 3373 838 3453 quaelibet
855 3373 929 3436 alia
946 3370 1178 3452 contumelia,
1203 3370 1269 3436 sed
1299 3383 1430 3452 prorsus

329 3478 607 3542 contemnenda:
626 3478 865 3561 hincquidem
880 3477 1051 3561 Episcopi
1078 3477 1226 3541 saeculo
1254 3473 1427 3558 superiori,

330 3585 369 3644 ut
386 3599 432 3646 ex
448 3583 611 3648 Historia
622 3591 790 3668 apparet,
806 3584 931 3650 habita
958 3585 1205 3650 nominatione
1230 3601 1252 3647 a
1279 3581 1430 3662 Principe

331 3689 393 3754 vel
410 3688 606 3772 Gubernio,
626 3693 706 3757 loco
735 3693 884 3774 petendi
911 3691 1223 3757 confirmationem
1254 3709 1278 3754 a
1304 3689 1431 3755 Summo

330 3794 515 3880 Pontifice,
533 3804 708 3880 putarunt
724 3799 813 3864 satis
830 3816 910 3864 esse
941 3798 995 3862 illi
1012 3802 1197 3880 tamquam
1226 3805 1352 3862 centro
1379 3793 1430 3858 Ec·

332 3901 466 3968 elesiae
483 3905 648 3970 notitiam
672 3923 760 3970 suae
775 3905 1033 3970 nominationis
1061 3905 1330 3970 communicare
1344 3902 1379 3968 in
1396 3900 1431 3964 si·

333 4025 442 4089 gnum
457 4014 606 4079 unitatis
623 4014 897 4080 communionis.

412 4111 438 4195 b)
454 4117 628 4186 Naturam
640 4120 820 4185 Primatus
833 4119 978 4201 penitus
995 4119 1141 4201 evertit,
1160 4117 1338 4201 siquidem
1363 4117 1433 4198 jura

333 4237 428 4303 quae
460 4222 633 4290 divinitus
665 4226 783 4292 eidem
814 4228 1037 4308 competunt,
1068 4225 1107 4290 in
1123 4225 1214 4292 duas
1245 4224 1378 4290 classes
1393 4219 1431 4284 di·
