3146 4980
758 385 937 444 ..400-

285 539 316 596 et
328 531 412 596 Filii
430 537 461 595 at
477 527 633 613 Spiritu
651 527 787 610 Sancti·
814 529 971 594 docantat
1001 547 1057 592 eos
1090 540 1262 592 suuvsltu
1294 527 1438 592 omnia

286 657 513 721 quaecamque
530 635 695 701 mandavi
722 636 817 700 vobis
830 633 946 716 (l)-J
950 638 1038 698 uxta
1065 633 1157 699 haec
1183 635 1296 698 verbs
1317 633 1435 715 Apo·

285 742 387 806 stolis
401 741 657 806 demandatum
674 745 729 806 est
743 759 871 806 munus
900 745 938 804 et
969 739 1126 804 osticium
1140 739 1434 822 praestantissi-

286 865 381 912 mum
399 849 573 932 populum
604 845 747 914 Christo
776 846 977 930 generandi
1005 852 1041 912 et
1066 847 1180 910 semel
1197 853 1432 928 generatum

286 961 387 1020 recte
399 952 640 1036 gubernandi,
656 953 851 1036 etquidem
866 954 973 1035 pleno
983 953 1066 1034 Jure
1080 959 1117 1017 et
1131 951 1338 1016 omnimoda
1350 969 1429 1032 po-

287 1067 429 1144 testate,
443 1061 511 1125 hoc
528 1065 594 1140 cst,
607 1061 643 1124 in
661 1059 788 1125 ordine
805 1060 999 1125 doctrinali
1032 1060 1173 1137 (docete)
1193 1076 1277 1123 cum
1301 1058 1427 1140 magi-

287 1167 398 1231 sterio
411 1169 685 1248 auctoritative,
701 1167 737 1234 in
751 1165 877 1231 ordine
890 1165 1149 1230 sacramentali
1165 1166 1424 1249 (baptizantes)

288 1293 369 1340 cum
381 1293 486 1340 sacro
504 1277 718 1356 ministerio,
738 1280 848 1358 atque
863 1275 900 1338 in
917 1273 1044 1337 ordine
1076 1272 1288 1354 legislativo
1308 1275 1346 1336 et
1363 1270 1424 1334 di—

287 1381 475 1464 sciplinari
495 1387 660 1462 (servare)
674 1400 755 1448 cum
769 1398 858 1445 vero
872 1379 1037 1463 imperim
1053 1396 1121 1460 age
1134 1379 1226 1460 jam,
1244 1377 1423 1442 meridia·

288 1505 336 1552 na
352 1489 433 1554 luce
452 1495 555 1570 patet
572 1507 690 1573 neque
707 1487 880 1571 populum
904 1487 942 1550 in
959 1484 1102 1550 Christo
1121 1483 1423 1566 regenerandum

288 1600 398 1676 atque
431 1595 651 1677 pascendum
684 1598 904 1676 potestatem
948 1594 1133 1674 recepisse
1178 1591 1421 1672 evangelium

288 1699 538 1782 praedicandi,
554 1708 786 1766 sacramenta
799 1699 1041 1780 ministrandi,
1070 1699 1172 1780 leges
1197 1696 1421 1762 ferendivel

289 1810 451 1890 regimen
470 1816 659 1875 externum
678 1807 841 1892 gerendi,
862 1825 979 1889 neque
1008 1807 1129 1871 coetui
1157 1803 1319 1870 fidelium
1347 1801 1421 1868 hoc

285 1907 493 1998 jusdeierri
512 1937 632 2000 posse,
663 1920 751 2001 quin
781 1916 997 2000 gravissime
1030 1913 1199 1980 laedatur
1227 1911 1421 1996 plenitudo

290 2024 517 2088 auctoritatis
531 2026 717 2108 Apostolis
731 2025 890 2090 tributae
908 2041 973 2106 pro
990 2022 1176 2104 iungendo
1189 2020 1326 2102 triplici
1343 2037 1421 2084 mu·

289 2147 377 2194 nere
395 2130 519 2196 fideles
538 2132 704 2214 docendi,
724 2133 864 2197 animas
882 2131 1136 2196 sanctificandi
1160 2133 1271 2211 atque
1287 2133 1421 2210 gentes

290 2236 469 2318 dirigendi
484 2240 622 2320 (docete,
638 2241 862 2324 baptizantes,
880 2243 1047 2316 servare).

379 2343 433 2406 29
479 2344 712 2410 Interventus
738 2345 863 2427 populi
886 2345 923 2408 in
956 2342 1206 2408 ecclesiastico
1241 2338 1419 2422 regimine

290 2447 439 2529 insuper
455 2451 666 2517 institutioni
684 2452 864 2516 Primatus
878 2449 917 2516 Β.
930 2450 1051 2531 Petro,
1067 2444 1421 2529 RomanisquePon·

291 2553 447 2618 titicibus
496 2557 622 2621 collati
650 2563 779 2639 aperte
808 2556 1041 2638 contradicit
1075 2554 1210 2619 etenim
1253 2555 1421 2635 potestas

291 2660 522 2744 primatialis,
542 2681 588 2728 ex
607 2674 731 2729 mente
747 2683 791 2730 ae
824 2664 1014 2729 voluntate
1046 2659 1180 2727 Christi
1208 2661 1246 2723 in
1274 2658 1421 2723 Divinis

290 2765 438 2833 Litteris
455 2770 661 2836 luculenter
697 2771 902 2851 declarata,
921 2769 1057 2851 triplici
1090 2765 1355 2850 praerogativa
1367 2765 1423 2830 in·

291 2873 425 2954 signita
442 2885 510 2957 est,
525 2880 753 2961 supremitas,
771 2878 1026 2962 infallibilitate
1043 2881 1153 2957 atque
1170 2873 1422 2938 universalita-

292 2986 335 3058 te;
350 2981 427 3061 jem
442 3001 530 3047 vero
547 2983 617 3048 hae
632 2985 841 3065 potissimas
855 2984 972 3062 dotes,
988 2981 1117 3064 quibus
1151 2978 1313 3045 Christus
1349 2977 1423 3042 Do·

292 3086 409 3150 minus
423 3105 555 3154 ornare
570 3091 686 3155 voluit
703 3087 821 3173 Caput
834 3089 986 3154 Visibile
1002 3087 1191 3152 Ecclesiae
1205 3102 1275 3150 ase
1292 3083 1423 3150 condi.

293 3195 365 3273 tae,
381 3211 644 3279 quamcumque
655 3197 851 3278 juridicam
868 3196 993 3279 populi
1012 3195 1202 3260 christiani
1230 3194 1422 3258 interven·

293 3299 427 3364 tionem
445 3302 590 3367 omnino
610 3303 821 3385 explodunt.

382 3411 417 3486 a)
431 3406 476 3470 Et
494 3425 582 3472 sane
600 3411 800 3474 auctoritas
822 3408 928 3474 Petro
960 3409 1112 3490 ejusque
1129 3405 1303 3488 legitimis
1331 3401 1422 3468 Suc·

294 3515 498 3580 sessoribus
530 3517 704 3581 divinitus
733 3516 870 3580 tradita
905 3515 973 3580 tuit
1009 3515 1126 3597 primo
1157 3527 1334 3597 suprema,
1366 3513 1424 3576 uti

294 3625 449 3686 testatur
462 3621 498 3687 S.
518 3622 711 3688 Mattheus:
731 3623 778 3688 Et
793 3644 851 3708 eqo
865 3623 941 3687 dico
959 3623 1033 3701 titi,
1049 3622 1132 3704 qaia
1148 3627 1185 3685 ta
1210 3640 1246 3684 cs
1272 3619 1414 3700 Patras,

294 3734 441 3812 etsaper
457 3729 546 3794 hanc
558 3737 697 3813 petram
714 3741 939 3794 tunlrlclsso
972 3727 1167 3793 Ecclesiam
1198 3747 1348 3792 meam...
1374 3725 1426 3791 Et

294 3835 356 3899 titi
373 3836 461 3900 dato
475 3837 721 3922 curvasseque·
734 3837 915 3904 coeloram.
928 3835 974 3900 Et
984 3845 1247 3910 ouonenuoun
1262 3845 1424 3896 nisuve·

294 3953 353 4004 itis
380 3963 484 4027 saper
513 3950 656 4024 terram,
685 3943 752 4008 erit
767 3942 913 4028 tinctam
930 3947 961 4008 at
977 3942 1015 4006 ia
1032 3941 1147 4020 coelia
1166 3945 1205 4003 et
1218 3951 1425 4014 QUODcUlt·

296 4141 454 4152 .-...——...

365 4285 402 4351 (1)
439 4285 541 4378 llatth.
556 4285 618 4339 eod.
631 4285 683 4338 loc.
