3024 4994
779 385 957 446 ..202-

308 549 355 612 ro,
373 549 459 614 quoe
474 529 522 594 od
538 529 627 595 idom
646 532 904 598 matrimonium
921 533 1041 616 qaooir
1059 531 1157 600 modo
1181 541 1328 618 possunt
1350 553 1429 620 per·

308 637 417 704 tinere
430 637 491 719 (1).

397 739 484 809 Cum
497 743 620 828 igitur,
639 759 685 808 ex
702 745 893 828 praejacto
907 743 1060 811 Ooucllii
1077 745 1292 830 Tridentini,
1311 747 1427 830 Ange·

282 841 284 846 ’
307 849 369 914 lici
386 849 555 917 Doctoris
572 856 609 916 et
621 849 851 917 Venerabilis
870 851 1053 918 Pontillcie
1066 851 1121 918 Pil
1134 851 1187 918 IX
1200 851 1369 920 doctrina
1385 855 1427 918 ab

308 957 471 1022 omnibus
488 955 621 1022 Christi
637 955 803 1022 fidelibus
822 957 1040 1042 profitenda,
1076 959 1204 1026 foedus
1235 961 1427 1043 conjugale

307 1079 371 1128 seu
404 1067 615 1129 contractus
633 1064 910 1131 matrimonialis
938 1066 986 1131 sit
1005 1065 1295 1150 Sacramentum,
1317 1067 1424 1133 desa·

308 1172 504 1236 oramentis
533 1177 654 1238 autem
674 1172 842 1255 judicare
869 1171 914 1238 ad
948 1192 1056 1238 unam
1087 1173 1290 1240 Ecclesiam
1319 1175 1424 1256 perti-

308 1285 405 1363 neat,
421 1297 573 1364 pronum
586 1284 641 1345 est
654 1280 789 1346 inferre
806 1297 937 1346 causas
954 1298 1092 1362 omnes,
1113 1299 1206 1365 quae
1225 1281 1271 1346 ad
1303 1283 1423 1348 vincu-

307 1387 380 1452 lum
406 1387 625 1452 matrimonii
648 1392 829 1470 spectant,
858 1388 938 1453 soro
968 1388 1148 1454 duntaxat
1175 1388 1423 1454 eeclesiastico

307 1501 529 1577 competere.

396 1599 523 1682 Quoad
541 1601 615 1665 alia
631 1601 701 1667 duo
715 1618 852 1684 genera
869 1618 1074 1684 causarum,
1091 1619 1184 1686 quae
1201 1601 1302 1667 circa
1328 1623 1421 1687 apos·

307 1709 398 1775 solio
411 1715 447 1774 et
460 1709 648 1776 divortium
664 1708 803 1775 institui
820 1715 985 1793 possunt,
1002 1709 1162 1776 dubitari
1178 1711 1305 1795 nequit
1329 1711 1422 1793 ipsas

308 1833 451 1899 quoque
468 1815 514 1880 ad
530 1815 627 1882 soloe
640 1815 784 1898 jndices
801 1815 1072 1882 ecclesiasticos
1085 1834 1167 1882 esse
1196 1814 1420 1898 deserendas,

307 1926 381 1988 tum
401 1923 446 1987 ob
463 1921 562 1987 illum
580 1929 798 2006 respectum,
830 1941 936 2007 quem
965 1923 1101 1990 habeut
1129 1924 1176 1989 ad
1209 1923 1421 2004 matrimonii

307 2029 593 2112 Sacramentum,
613 2030 817 2095 utieruitnr
835 2047 881 2094 ex
915 2047 997 2114 cap.
1034 2031 1077 2095 10
1107 2045 1156 2095 ux
1188 2043 1358 2096 usurasne
1383 2031 1420 2095 de

307 2139 525 2223 sponsalibus
538 2140 575 2202 et
588 2153 634 2201 ex
647 2153 729 2220 cap.
750 2149 876 2202 Posse
889 2139 930 2204 de
943 2139 1116 2216 discretim
1133 2144 1206 2203 tum
1220 2139 1330 2203 etiam
1343 2139 1420 2222 quia

307 2243 344 2308 iu
361 2243 537 2325 ejusmodi
554 2243 673 2308 causis
687 2242 898 2324 judicandis
916 2243 1051 2327 passim
1066 2260 1260 2309 occurrere
1279 2247 1418 2327 possunt

308 2351 538 2432 quaestiones
552 2349 652 2415 circa
664 2349 826 2415 ordinem
840 2351 1017 2416 moralem
1032 2361 1237 2432 versantes,
1253 2368 1345 2435 quae
1357 2367 1416 2415 nec

307 2457 444 2540 negligi
460 2463 523 2528 aut
536 2457 718 2523 contemni
736 2457 880 2540 debent,
897 2475 966 2524 uec
980 2477 1002 2522 a
1015 2459 1290 2542 magistratibus
1303 2475 1415 2523 saecu·

307 2562 445 2628 laribus
457 2562 617 2644 judicari
634 2565 694 2630 vel
711 2563 830 2629 dirimi
847 2563 982 2647 valent,
997 2565 1131 2648 quippe
1161 2564 1206 2629 de
1234 2562 1289 2628 his
1319 2563 1415 2628 rebus

307 2671 344 2736 iu
361 2671 439 2735 foro
457 2671 558 2736 cirili
575 2671 675 2737 nulla
687 2671 847 2754 cognitio
876 2675 943 2754 est,
962 2689 1080 2755 neque
1111 2672 1221 2736 etiam
1255 2687 1334 2736 esee
1361 2688 1415 2753 po-

308 2781 389 2844 test.
553 2777 556 2785 ’

291 2944 294 2961 ,
397 2887 472 2952 119.
521 2885 599 2950 Hoc
617 2885 754 2968 triplici
771 2903 964 2952 causarum
982 2904 1119 2969 genere
1136 2889 1304 2970 excepto,
1332 2900 1414 2969 quae

306 2998 457 3077 propter
473 2993 706 3058 sanctitatem
723 2993 882 3076 conjugii
897 2993 1086 3059 christiani
1117 2998 1154 3058 et
1185 2999 1350 3058 naturam
1365 3009 1414 3056 su·

308 3101 579 3185 pernaturalem
596 3099 816 3167 Matrimonii
834 3102 880 3166 ad
898 3102 1113 3185 dignitatem
1138 3099 1360 3166 Sacramenti
1382 3099 1413 3162 in

244 3294 246 3298 ι
307 3211 410 3274 Novo
428 3209 591 3275 Foedere
608 3210 729 3274 evecti
752 3211 818 3275 sub
850 3214 1034 3293 potestate
1062 3209 1251 3276 Ecclesiae
1279 3209 1412 3288 cadunt,

308 3325 489 3398 caeterae,
510 3317 771 3382 connexionem
787 3316 932 3400 quidem
947 3335 1027 3382 oum
1043 3317 1222 3382 connubio
1236 3316 1412 3394 habentes,

307 3425 372 3490 sed
387 3441 446 3490 ree
463 3441 562 3488 mere
576 3425 744 3507 politicas
761 3443 804 3490 ao
823 3425 1043 3509 temporales
1060 3425 1199 3492 directe
1230 3430 1338 3509 atque
1360 3425 1413 3490 im·

306 3532 462 3598 mediate
479 3531 730 3616 respicientes,
748 3533 842 3598 inter
860 3551 991 3599 causas
1023 3534 1141 3600 civitas
1174 3536 1411 3612 recensentur,

306 3643 458 3725 ideoque
468 3641 606 3724 judicio
623 3642 805 3708 saeculari
821 3643 1074 3725 subjiciuntur.

395 3749 489 3814 Hinc
506 3749 680 3832 colligere
692 3749 749 3815 fas
763 3755 819 3814 est
835 3751 956 3815 omnia
973 3767 1067 3834 quae
1085 3750 1183 3815 circa
1197 3766 1326 3816 causas
1340 3763 1412 3812 con-

302 3858 447 3940 jugales
459 3875 557 3922 mere
570 3859 688 3925 civiles
703 3863 910 3942 versantur,
925 3859 987 3923 vol
1005 3859 1050 3923 de
1078 3857 1271 3924 effectibus
1285 3875 1411 3944 repom·

306 3965 431 4030 bilibus
444 3964 664 4032 Matrimonii
675 3971 801 4051 agunt,
817 3965 931 4032 veluti
945 3966 989 4031 de
1003 3965 1158 4048 dotibus,
1170 3960 1411 4031 dedonationi·

307 4121 491 4132 ——--.

393 4233 431 4295 (ll
468 4232 502 4286 In
516 4231 684 4287 Atlomtiomr
695 4233 742 4288 dis
755 4235 786 4287 ut
800 4232 976 4302 Septembris
990 4231 1059 4288 l853
1072 4231 1171 4288 heblta
1183 4233 1257 4288 circs
1267 4247 1311 4288 res
1322 4229 1410 4296 Reipu-

306 4304 397 4358 blieae
407 4304 431 4356 N
433 4307 655 4370 eograneteusls.
