3024 4994
808 415 987 476 -216-

339 575 412 628 non
429 559 614 628 sufficiant
630 555 676 625 ad
694 557 819 627 fideles
835 561 872 626 in
889 561 963 626 suis
992 559 1120 626 oiflciis
1150 559 1344 645 debitaque
1375 555 1450 624 sub·

339 667 510 734 missione
523 667 772 748 continendos,
792 668 947 752 improbi
971 686 1015 732 ac
1032 667 1129 734 devii
1145 667 1340 733 salubriter
1357 684 1450 732 coer·

339 780 503 840 ceantur:
522 771 548 855 l)
577 773 742 840 Ecclesia
770 773 839 840 hoc
863 775 922 856 jus
951 779 1128 858 perpetuo
1154 775 1223 838 sibi
1256 773 1451 838 vindicavit

340 888 525 964 tamquam
540 881 739 965 proprium,
761 882 811 944 uti
829 899 874 945 ex
892 879 1014 946 Const.
1032 881 1126 946 Licet
1155 880 1308 946 Joannis
1338 879 1448 960 XXII,

339 1005 384 1052 ex
403 987 507 1053 Bulla
524 985 707 1054 Auctorem
719 987 820 1052 Fidei
837 987 889 1052 Pii
913 987 975 1070 VI,
1002 987 1155 1070 aliisque
1184 987 1448 1070 quamplurimis

338 1092 565 1158 documentis
582 1111 694 1176 supra
711 1093 834 1158 allatis
853 1096 1009 1174 constat;
1043 1111 1131 1176 ergo
1161 1093 1217 1160 vel
1253 1111 1447 1176 supponen-

339 1199 421 1266 dum
440 1206 477 1264 et
495 1199 767 1265 concedendum
786 1201 855 1265 erit
871 1199 1072 1264 Ecclesiam
1088 1199 1324 1282 Summosque
1337 1199 1447 1265 Ponti·

338 1305 425 1372 lices
445 1307 622 1390 legesaut
655 1307 932 1372 constitutiones
964 1307 1189 1390 dogmaticas
1223 1306 1375 1372 edidisse
1405 1305 1447 1370 ad

338 1411 473 1477 tuenda
487 1417 523 1477 et
540 1412 829 1478 constabilienda
841 1414 938 1496 jura,
954 1430 1049 1496 quae
1062 1430 1134 1478 non
1151 1418 1234 1478 sunt
1243 1413 1340 1496 J'ura,
1354 1419 1447 1496 utpo-

337 1522 373 1583 te
392 1519 653 1602 contingentia,
673 1518 916 1603 dependentla
933 1527 1042 1602 atque
1061 1519 1287 1585 revocabilia
1304 1537 1365 1602 pro
1391 1537 1447 1583 nu·

338 1627 375 1688 tu
393 1629 429 1688 et
446 1624 636 1690 voluntate
654 1625 874 1710 Principum3
893 1627 950 1692 vel
968 1626 1077 1692 fateri
1108 1631 1145 1692 et
1176 1627 1366 1692 admittere
1392 1645 1445 1692 ne·

338 1746 441 1794 cesse
459 1733 513 1795 est
530 1729 732 1797 Ecclesiam
743 1733 826 1813 Jure
844 1735 992 1818 proprio
1010 1733 1119 1816 potiri
1135 1739 1260 1799 sontes
1292 1734 1444 1818 pervica-

338 1853 471 1920 cesque
485 1837 613 1920 poenis
631 1838 891 1921 temporalibus
910 1840 1093 1924 puniendi.

429 1943 504 2008 131.
554 1942 915 2024 Quaeritur3‚⁰num
957 1945 1146 2012 Ecclesiae
1178 1949 1359 2031 competat
1385 1945 1444 2010 Jaa

336 2049 459 2137 gladii,
479 2068 541 2116 seu
561 2051 655 2134 quod
674 2051 766 2117 idem
782 2058 848 2134 est,
868 2057 987 2119 utrum
1006 2053 1183 2136 Ecclesia,
1198 2058 1344 2136 praeter
1369 2069 1442 2135 poe·

337 2174 404 2221 nas
422 2159 642 2240 temporales
659 2163 696 2223 et
713 2161 877 2242 corporis
894 2159 1086 2243 aflictiras,
1107 2160 1284 2243 usquead
1312 2161 1442 2226 allusio·
1503 2219 1504 2250 ἒ

337 2281 418 2330 nem
436 2267 623 2348 sanguinis
640 2267 770 2350 punire
784 2268 910 2350 possit.

424 2373 490 2438 Jaa
506 2374 617 2460 gladii
636 2379 801 2440 vocatur:
817 2377 869 2441 aia
879 2397 1013 2462 poenas
1026 2383 1195 2458 cruentas,
1210 2377 1312 2442 etiam
1325 2377 1442 2459 capita·

338 2480 435 2562 talea,
452 2481 637 2566 inscrenda
657 2481 763 2546 lrodie
781 2483 920 2548 abolita
933 2482 1029 2566 apud
1047 2483 1164 2548 cultas
1182 2487 1310 2566 gentes
1337 2500 1379 2546 ex
1399 2482 1440 2544 lc·

337 2585 530 2666 gislatione
554 2588 702 2670 poenali
728 2589 967 2672 mutilatione,
996 2591 1145 2672 sanguis
1163 2594 1303 2654 tantum
1320 2589 1354 2652 in
1369 2603 1440 2670 poc·
1502 2607 1503 2686 ἶ

338 2709 385 2756 na
401 2693 550 2775 capitali
575 2695 786 2776 effunditur3
808 2695 1000 2762 videndum
1018 2702 1185 2779 superest
1202 2714 1310 2778 nuuc,
1328 2713 1371 2760 an
1386 2693 1440 2758 Ec·

336 2798 449 2864 alesia
477 2801 514 2864 vi
531 2803 722 2884 potestatis
752 2803 975 2868 coercitivae
1006 2821 1143 2886 poenas
1175 2809 1355 2885 cruentas,
1386 2817 1439 2864 seu

337 2905 476 2988 melius,
488 2925 642 2989 poenam
660 2909 1031 2992 capitaleminlligere
1051 2910 1185 2991 valeat,
1202 2909 1263 2976 vel
1277 2927 1324 2974 an
1337 2909 1440 2992 potius

334 3010 403 3076 hoo
417 3029 533 3092 genus
552 3015 749 3096 punitionis
767 3015 880 3081 indoli
897 3023 1007 3100 atque
1027 3023 1182 3082 naturae
1200 3015 1382 3082 Ecclesiae
1398 3015 1439 3077 ita

336 3124 526 3198 repugnet,
558 3124 596 3182 ut
614 3121 827 3185 exercitium
861 3128 936 3186 tum
954 3123 1132 3188 directum
1149 3127 1224 3188 tum
1242 3121 1439 3188 indirectum

337 3220 539 3304 hujusmodi
558 3228 750 3307 potestatis
768 3228 910 3310 abipsa
923 3229 1204 3310 abjudicandum
1222 3231 1281 3314 sit,
1301 3231 1381 3313 quin
1397 3235 1437 3290 ta-

338 3345 418 3394 men
436 3333 601 3397 carentia
628 3333 720 3414 juris
744 3334 858 3416 gladii
874 3335 1056 3402 deiectum
1073 3337 1309 3420 perfectionis
1336 3337 1370 3400 in
1394 3351 1437 3398 so·
1500 3371 1501 3424 p

337 3435 469 3502 eietate
501 3457 523 3501 a
556 3438 699 3505 Christo
718 3440 871 3510 Domino
902 3445 1069 3509 instituta
1100 3449 1244 3528 arguat,
1263 3445 1327 3509 sed
1356 3443 1438 3508 dum·

337 3547 439 3608 taxat
467 3545 638 3628 importet
656 3549 897 3630 privationem
916 3553 970 3617 rei
987 3551 1125 3616 inutilis
1142 3553 1237 3617 bono
1269 3551 1438 3616 Ecclesiae

336 3653 514 3733 regimini,
549 3653 656 3718 medii
688 3657 926 3724 iunecessarii
967 3660 1012 3724 ad
1045 3661 1125 3725 finis
1165 3656 1437 3743 supernaturalis

336 3757 578 3844 adeptionem,
598 3769 635 3828 et
659 3765 857 3847 punitionis
888 3786 955 3851 pro
973 3768 1092 3833 salute
1132 3769 1334 3834 animarum
1365 3761 1438 3830 nihil

337 3865 572 3947 proficientis.

427 3973 501 4038 132.
550 3975 580 4040 N
585 3993 652 4040 tanc
671 3994 772 4060 vero,
787 3977 952 4062 plerique
969 4001 1013 4048 ac
1032 3985 1278 4066 probatissimi
1310 3979 1436 4049 canoni·

337 4081 415 4144 stae
432 4089 581 4148 censent
605 4104 648 4150 ac
666 4087 844 4152 sustinent
859 4087 1045 4156 Ecclesiae
1073 4111 1146 4158 non
1174 4098 1375 4178 competere
1387 4089 1436 4170 Jus

336 4184 448 4266 gladii
464 4205 527 4254 seu
544 4194 763 4274 potestatem
780 4213 934 4279 poenam
953 4199 1085 4283 capitis
1100 4201 1293 4284 inferendi,
1310 4217 1370 4284 pro
1382 4211 1436 4262 sua

335 4295 515 4360 sententia
542 4305 696 4380 quatuor
730 4305 929 4388 praecipua
963 4315 1181 4391 argumenta
1219 4309 1433 4376 adducentes:
