3030 4990
552 405 727 464 -137-

93 568 154 634 que
168 554 250 617 suut
265 549 401 636 gradus
419 547 576 632 Ordinis,
596 566 738 633 nempe:
755 549 999 632 episcopatus
1015 548 1201 632 presbyte-

92 663 196 741 ratus,
215 659 440 741 diaconatus,
474 657 788 740 hypodiaconatus
821 662 858 721 et
885 656 1098 738 lectoratus3
1129 661 1203 722 tres

92 765 189 847 primi
201 766 336 832 sacrati
353 784 416 831 seu
433 766 604 849 majores,
631 766 700 830 duo
729 765 905 848 postremi
936 765 1112 830 insacrati
1142 769 1204 830 eut

92 875 250 940 minores.

171 981 213 1046 In
228 979 396 1046 Ecclesia
412 997 501 1046 vero
529 978 662 1044 Latina
690 982 771 1043 octo
801 982 1038 1043 numerantur
1067 978 1203 1060 gradus

94 1084 238 1170 Ordinis,
257 1088 343 1171 quia
360 1086 468 1152 hodie
485 1087 529 1151 de
545 1086 616 1150 fide
629 1090 686 1151 est
699 1087 950 1168 episcopatum
963 1086 1116 1168 gradum
1130 1086 1202 1150 hie-

91 1196 285 1262 rarchicum
302 1200 339 1260 et
355 1195 560 1260 distinctum
580 1194 771 1276 potestatis
798 1192 934 1258 ordinis
952 1211 1044 1274 esse;
1080 1193 1202 1258 defini·

91 1309 157 1366 turn
188 1303 281 1367 enirn
313 1302 381 1366 fuit
408 1300 821 1383 aTridentinaSynodo
854 1301 891 1366 in
924 1318 1065 1365 canone
1096 1302 1202 1366 toties
1239 1299 1240 1302 ’

91 1408 241 1474 laudato:
260 1409 299 1476 st
319 1411 395 1494 quis
412 1410 554 1488 dicerit,
584 1410 621 1474 in
646 1409 802 1474 Ecclesia
833 1406 1007 1475 Catholicis
1036 1431 1104 1474 non
1132 1429 1204 1474 erae

91 1515 310 1583 hierar-citiam
330 1517 451 1582 divina
470 1517 696 1582 Ordinatioue
719 1517 924 1598 institutam,
954 1537 1039 1600 quae
1072 1522 1205 1581 constat

92 1645 129 1688 aa
142 1623 334 1710 Episcwis,
352 1625 581 1711 Presbyteris,
600 1631 632 1690 et
649 1625 836 1705 Ministri33
855 1623 1038 1690 anathema
1063 1625 1108 1689 sit
1140 1623 1202 1705 (1),

92 1737 202 1796 tamen
215 1731 376 1796 nondum
394 1731 567 1813 explicite
585 1730 812 1796 deciaratum
830 1736 885 1796 est
903 1736 983 1796 octo
1002 1749 1082 1796 esse
1102 1728 1202 1830 Ordi-

92 1854 161 1919 nes,
178 1839 261 1922 quia
278 1839 459 1922 quemvis,
477 1844 587 1920 prout
603 1839 655 1902 ait
677 1837 850 1921 Perrone,
884 1838 1085 1904 “sententia
1109 1856 1205 1904 nunc

93 1947 253 2028 temporis
267 1946 466 2010 communis
485 1950 521 2011 et
535 1946 679 2012 omnino
698 1946 856 2011 tenenda
874 1947 965 2012 haec
984 1951 1051 2027 est,
1067 1948 1203 2029 episco·

93 2059 204 2133 patum
221 2059 259 2117 et
275 2052 439 2118 ordinem
457 2071 537 2118 esse
554 2054 677 2137 specie
696 2054 906 2120 distinctum
923 2074 944 2118 a
973 2055 1203 2137 presbytera-

93 2163 126 2224 tu
142 2165 175 2225 et
189 2163 478 2246 sacramentum,
495 2160 663 2226 Ecclesia
680 2178 745 2242 per
762 2160 961 2224 Romanum
979 2159 1202 2241 Pontificem,

93 2264 292 2350 Supremam
324 2267 538 2350 Magistrum
570 2272 607 2333 et
643 2267 878 2332 Iniallibilem
904 2267 1113 2348 Doctorem,
1143 2267 1205 2331 vel

94 2389 151 2455 per
165 2375 359 2440 Decretum
378 2373 583 2441 Ocnoiliare
599 2374 696 2439 haud
714 2375 871 2440 sancivit
886 2374 1048 2457 usquein
1063 2372 1203 2438 hodier-

94 2499 167 2548 nam
183 2484 278 2548 diem
294 2501 471 2566 expressa
489 2489 526 2548 et
550 2483 756 2566 dogmatica
791 2482 1000 2548 definitione
1034 2479 1204 2548 Ordinem

94 2587 349 2675 Episcopalem,
362 2609 435 2658 non
448 2592 615 2675 equidem
626 2597 811 2675 tamquam
824 2592 973 2678 pradum
986 2596 1203 2674 spectatum,

94 2699 214 2764 etenim
230 2699 301 2764 hoc
318 2703 400 2782 post
417 2718 595 2766 canonem
615 2700 852 2764 tridentinum
880 2699 928 2764 ad
956 2698 1063 2763 fidem
1095 2698 1204 2780 perti·

95 2809 157 2889 net,
172 2805 234 2870 sed
250 2806 368 2871 veluti
383 2810 491 2873 ritum
507 2809 776 2874 consecrationis
806 2805 1089 2887 consideratum,
1124 2823 1204 2870 esse

95 2909 264 2978 diversum
278 2912 441 2979 ordinem
459 2920 496 2980 et
512 2919 781 2980 sacramentum
796 2915 856 2999 (2).

171 3020 373 3087 Hodiedum
388 3022 498 3104 igitur
507 3023 616 3105 juxta
648 3021 851 3087 doctrinam
879 3021 1118 3086 communiter
1150 3038 1203 3084 re·

96 3133 225 3208 ceptam
242 3133 278 3193 et
293 3129 425 3214 prodas
441 3134 525 3194 sunt
543 3135 622 3194 octo
641 3133 677 3194 et
694 3130 845 3210 ordines,
866 3130 1046 3193 nimirum:
1066 3128 1204 3210 episco-

97 3245 201 3319 patus,
220 3238 509 3320 presbyteratus,
528 3238 756 3319 diaconatus,
773 3238 1069 3318 subdiaconatus,
1085 3237 1204 3318 acoly-

96 3343 188 3425 tatus,
206 3344 462 3426 exorcistatus,
496 3345 695 3410 lectoratus
725 3349 762 3410 et
794 3345 1017 3425 ostiariatus;
1048 3355 1205 3427 quatuor

96 3447 189 3524 primi
204 3451 341 3516 sacrati
354 3469 418 3515 seu
431 3451 602 3534 majoreS,
618 3451 739 3535 quoad
755 3451 1056 3516 subdiaconatum
1075 3451 1204 3514 saltem

97 3558 265 3624 assecuto
283 3557 365 3640 XII;
384 3559 522 3624 caeteri
535 3558 709 3625 insacrati
727 3576 790 3624 seu
807 3559 964 3624 minores
982 3575 1127 3640 semper
1145 3575 1203 3622 ex·

97 3661 219 3731 stitere.

171 3771 223 3838 72.
272 3772 385 3838 Juxta
402 3771 637 3839 tridentinam
656 3773 902 3839 definitionem
918 3777 1002 3838 sunt
1029 3776 1128 3837 certe
1149 3773 1204 3853 jn-

98 3875 138 3941 ris
153 3879 263 3946 divini
277 3885 352 3947 tres
369 3880 504 3965 gradus
520 3881 760 3948 Hierarchiae
778 3880 936 3965 Ordinis,
949 3882 1103 3963 scilicet,
1131 3880 1203 3963 epi-

99 4038 243 4054 ὴ...-

37 4150 42 4162 ⁸
159 4185 195 4249 (1)
229 4185 303 4242 Sese.
318 4185 429 4255 xxm,
442 4201 504 4240 can.
517 4186 565 4240 VI.

158 4258 193 4322 (a)
226 4256 312 4313 Cone.
325 4259 362 4312 de
374 4257 428 4311 hac
441 4275 471 4312 re
483 4259 640 4324 theologos,
655 4259 821 4326 praesertim
833 4271 900 4313 vero
912 4257 938 4312 J.
954 4253 1205 4312 Patrona-Prae-

99 4319 208 4382 tatione
223 4326 401 4400 melcomae,
414 4335 491 4386 tomo
501 4330 550 4399 IV,
561 4345 624 4398 pag.
638 4334 698 4391 368,
714 4328 832 4384 Scholia.
