3024 4994
786 389 962 452 ...220-

310 537 410 621 dunt,
429 543 466 604 et
494 537 612 604 ciuilio
642 537 727 620 quia
752 536 914 603 ordinem
942 537 1115 602 socialem
1142 535 1369 620 perturbant,
1386 551 1426 599 eo

310 645 389 728 ipso
414 643 509 728 quod
527 645 656 728 religio
675 644 855 710 habeatur
871 649 1055 727 tamquam
1069 643 1343 708 fundamentum
1360 660 1426 708 mo-

311 751 468 816 ralitatis
493 756 530 816 et
554 751 744 817 moralitas
762 751 877 815 veluti
904 750 1177 814 fundamentum
1194 749 1426 832 reipublicae,

312 859 464 922 crimina
482 858 655 939 religiosa
673 874 766 940 quae
783 857 888 922 simul
907 862 991 921 sunt
1012 855 1166 921 socialia
1190 857 1336 920 nomine
1353 873 1427 938 pro·

312 965 391 1047 prio
409 963 549 1047 punire,
570 981 642 1028 non
660 969 778 1028 autem
793 963 937 1028 nomine
952 962 1152 1042 Ecclesiam
1167 945 1220 1026 ita
1233 963 1330 1026 enim
1345 961 1427 1026 obti-

312 1071 456 1136 nebitur
479 1069 721 1134 criminalium
747 1069 921 1135 coercitio
943 1073 982 1134 'et
999 1075 1100 1135 sarta
1125 1073 1295 1152 tectaque
1310 1085 1427 1134 serva-

312 1175 410 1240 bitur
433 1175 622 1240 Ecclesiae
650 1175 786 1258 missio,
807 1175 892 1258 quia
916 1174 1039 1242 Status
1064 1193 1202 1259 poenas
1230 1174 1426 1257 graviores,

314 1283 423 1346 etiam
452 1281 648 1365 capitalem
664 1280 897 1364 applicando,
913 1282 1010 1363 juste
1029 1282 1139 1347 utitur
1153 1281 1237 1364 jure
1254 1279 1379 1363 gladii,
1395 1283 1428 1344 et

313 1390 436 1456 hostes
454 1389 641 1454 Ecclesiae
669 1408 734 1454 suo
752 1389 897 1454 nomine
913 1390 1043 1472 punire
1061 1395 1194 1474 potest,
1213 1393 1252 1454 ut
1269 1393 1428 1453 caeteros

315 1498 451 1563 ordinis
468 1497 615 1564 socialis
632 1498 920 1580 perturbatores.

403 1603 507 1670 Hanc
536 1604 736 1670 doctrinam
765 1605 931 1688 apprime
960 1605 1109 1672 tradidit
1137 1604 1172 1680 S.
1191 1604 1265 1670 Leo
1283 1604 1427 1687 Magnus

315 1711 363 1776 ad
379 1711 423 1776 D.
442 1711 652 1777 Thuribinm
670 1711 942 1778 Asturicensem
970 1713 1021 1777 ita
1049 1713 1226 1778 scribens:
1244 1708 1341 1788 Quae
1357 1709 1427 1790 (Ec-

316 1819 441 1896 clesia)
470 1819 501 1883 ai
528 1818 738 1884 sacerdotali
766 1827 922 1885 contentu
943 1819 1094 1906 judicio,
1119 1825 1280 1884 crueatae
1310 1818 1429 1902 refugit

315 1927 472 2006 ultiones,
490 1932 603 1991 tumea
627 1923 895 1992 christianorum
905 1927 1111 2011 principum
1139 1925 1427 1992 constitutionibus

316 2033 505 2119 adjuvatur
522 2033 603 2098 dam
620 2034 666 2098 ad
679 2033 864 2117 spirituale
877 2053 1122 2117 nonuunquam
1135 2039 1319 2098 recurrunt
1332 2049 1428 2096 reore-

317 2139 422 2222 dium,
440 2139 497 2223 qui
511 2141 629 2204 timent
645 2140 1005 2226 corporuiejudicium
1020 2141 1080 2221 (1).

412 2245 482 2309 133.
532 2245 702 2310 Nonnulli
728 2247 942 2311 canonistas
966 2246 1095 2329 quibus
1124 2245 1234 2328 adjici
1253 2247 1428 2310 merentur

203 2341 208 2350 ’
317 2351 479 2416 ioannes
510 2351 555 2415 de
583 2351 775 2417 Dicastillo
809 2353 856 2436 (2)
885 2361 922 2417 et
953 2352 1103 2435 Pirhing
1134 2353 1181 2436 (3)
1214 2352 1427 2417 arbitrantur

318 2457 520 2522 Ecclesiam
537 2467 719 2541 potestate
736 2459 897 2541 gaudere
915 2460 1089 2543 puniendi
1106 2459 1311 2525 haereticos
1329 2459 1428 2524 etiam

318 2582 437 2647 poena
454 2567 616 2648 capitali,
635 2566 722 2630 licet
739 2585 810 2631 non
826 2583 892 2649 per
909 2585 948 2632 se
976 2567 1040 2632 sed
1057 2583 1123 2650 per
1142 2566 1325 2650 principes
1348 2562 1427 2629 infli-

319 2677 391 2753 cta;
407 2673 444 2736 in
455 2690 543 2736 suae
556 2675 760 2739 sententiae
771 2675 1106 2740 corroborationem
1120 2679 1193 2739 tres
1205 2673 1427 2757 probationes

320 2779 482 2862 allegare
499 2781 629 2844 solent:
651 2780 700 2845 1.⁰
719 2799 826 2846 sacra
843 2781 1000 2864 eloquia,
1021 2783 1178 2847 maxime
1196 2799 1284 2847 vcro
1302 2782 1427 2845 factum

319 2889 485 2952 Ananiae
501 2893 537 2952 et
554 2887 743 2972 Saphirae,
767 2889 840 2972 qui,
856 2889 963 2971 juxta
980 2889 1090 2972 ipsos,
1106 2908 1129 2953 a
1142 2887 1176 2954 S.
1197 2887 1305 2953 Petro
1323 2891 1426 2952 morte

321 2997 485 3060 mulctati
502 3002 585 3060 sunt
597 3007 747 3079 propter
766 2998 903 3062 crimen
918 2997 1122 3080 sacrilegae
1137 2993 1424 3071 defraudationis;

320 3103 371 3166 ‘tf'
389 3109 640 3185 argumentum
652 3103 846 3186 juridicum
865 3121 911 3169 ex
928 3105 1152 3186 perfectione
1169 3101 1355 3168 Ecclesiae
1378 3099 1427 3162 de·

320 3219 539 3294 promptum;
559 3212 588 3274 si
606 3211 701 3275 enirn
719 3213 847 3295 statui,
863 3213 979 3295 ajunt,
997 3213 1048 3276 uti
1067 3213 1236 3276 societati
1254 3211 1427 3295 perfectae

322 3322 504 3401 competat
518 3320 577 3400 jus
595 3319 720 3400 gladii,
740 3319 904 3386 Ecclesia
929 3321 1039 3385 etiam
1055 3321 1124 3385 hoc
1137 3319 1295 3402 Juridico
1313 3317 1425 3382 chara·

322 3433 421 3490 ctera
438 3425 622 3508 insignita,
642 3427 772 3492 saltem
797 3427 966 3506 mediate,
985 3427 1121 3492 habere
1139 3427 1248 3492 debet
1260 3427 1319 3508 Jns
1336 3444 1356 3490 a
1372 3421 1427 3486 Re·

322 3534 425 3616 gibus
443 3533 504 3599 rei
532 3533 685 3598 Summis
717 3535 985 3617 Imperantibus
1018 3534 1200 3618 exigendi,
1221 3537 1260 3599 ut
1288 3544 1427 3617 poenam

322 3641 518 3723 capitalem
547 3647 674 3706 contra
698 3660 781 3707 reos
799 3643 1020 3708 atrociorem
1050 3642 1239 3708 criminum
1266 3640 1426 3721 irrogent,

323 3766 427 3814 secus
444 3751 643 3832 securitati,
664 3749 866 3816 defensioni
879 3755 915 3816 et
928 3750 1090 3833 ejusdem
1108 3749 1294 3815 Ecclesiae
1320 3749 1426 3811 aucto·

324 3858 424 3922 ritati
441 3877 513 3923 non
530 3862 627 3924 esset
644 3861 732 3923 satis
760 3860 976 3941 consulturu;
994 3857 1046 3924 3.⁰
1065 3863 1315 3942 argumentum
1333 3851 1426 3920 ratio·

328 4055 509 4063 ..μ-*ἠ

395 4165 434 4228 (l)
472 4164 559 4231 Epist,
574 4181 649 4218 anno
663 4167 713 4218 til
727 4167 804 4218 edita
817 4165 846 4218 iu
859 4181 942 4220 curuo
957 4163 1230 4218 Priscitioaistomm.

396 4237 433 4300 (2)
468 4236 556 4287 Tract.
572 4237 608 4288 de
623 4237 707 4300 Caua,
721 4239 792 4305 disp.
811 4241 832 4290 l.

396 4307 432 4374 (3)
467 4308 526 4361 ini:
541 4309 614 4361 Eccl.
628 4309 674 4361 lib.
692 4309 725 4378 V,
739 4317 780 4362 tu.
797 4311 820 4372 i,
834 4317 903 4364 sect.
917 4313 941 4376 ³,
955 4325 1032 4365 num.
1048 4312 1091 4360 92.
