3024 4994
766 345 944 406 -rtt-

283 491 441 558 monacis·
454 507 559 572 saec:
579 506 662 573 cap.
682 489 702 554 6
718 491 759 556 dc
774 490 890 576 Rapa:
911 491 1055 574 legatur
1080 489 1271 574 responsio
1287 487 1415 556 Ponti-

284 597 361 664 dois
377 597 520 664 Nicolai
547 598 564 663 Ι
592 603 833 682 cognomento
853 599 982 684 Magni,
1007 597 1068 682 qui
1086 597 1334 681 interrogatus
1366 596 1417 662 ab

284 703 569 788 Archiepisoopo
589 705 721 770 Albino
741 708 859 770 utrum
893 705 1044 770 maritus
1066 705 1254 770 mulierem
1271 705 1416 770 adulte·
1450 731 1456 753 ι

284 829 363 876 ram
380 827 513 876 necare
544 815 679 894 posset,
710 812 832 894 prouti
861 813 1030 877 ferebant
1057 811 1222 876 nonnulli
1257 810 1416 876 Codices

284 910 482 1000 interquos
497 917 817 1000 Forum-Jadicum,
836 917 888 983 ita
918 919 1119 1002 rescripsit:
1147 917 1306 984 Ecclesia
1335 917 1415 1004 pla·

286 1025 380 1090 diam
397 1024 574 1090 nonhabet
590 1025 659 1090 aiei
677 1025 907 1110 spiritualem,
925 1047 992 1092 aaa
1017 1025 1155 1106 occidit,
1173 1025 1235 1089 sed
1258 1025 1416 1111 vivificat

285 1131 345 1212 (1);
366 1128 460 1194 unde
477 1135 595 1196 ortum
609 1129 736 1196 habuit
754 1132 879 1196 tritum
892 1131 1050 1197 axioma:
1072 1131 1232 1197 Ecclesia
1249 1131 1414 1197 athomi

285 1237 501 1322 accopulat:
519 1235 673 1301 adeatur
703 1235 859 1321 denique
877 1235 1078 1303 Concilium
1107 1236 1161 1302 III
1192 1236 1411 1302 Toletanum
1509 1327 1510 1332 Ἰ

285 1359 367 1424 cap.
386 1342 406 1404 6
423 1345 599 1407 statuens:
618 1351 788 1428 perpetua
803 1343 1039 1410 damnationis
1072 1344 1246 1429 ergastulo
1263 1343 1411 1410 retineri
1509 1341 1510 1356 ¹

285 1449 539 1535 Presbyterum,
558 1449 616 1533 qai
632 1469 773 1516 oausam
788 1452 970 1538 sauguinis
986 1451 1184 1537 agitaverit.

374 1555 424 1621 3.⁰
470 1553 645 1621 Deiectus
658 1558 847 1623 accercitii.
865 1557 1028 1624 Historia
1038 1562 1137 1624 retro
1149 1557 1241 1622 actis
1251 1555 1406 1621 saeculis

286 1662 389 1728 nobis
408 1667 562 1728 testatur
575 1663 711 1728 iactum
724 1669 896 1730 constans
910 1668 948 1729 at
966 1664 1075 1729 valde
1101 1665 1286 1748 eloquens,
1301 1661 1406 1743 signi-

287 1769 456 1833 ficatione
469 1770 594 1853 utique
607 1770 754 1852 plenum
768 1775 805 1836 et
819 1771 1076 1838 observatione
1089 1771 1233 1855 quidem
1246 1769 1401 1852 dignum,

287 1893 429 1960 nempe,
449 1875 651 1942 Ecclesiam
671 1895 856 1960 nunquam
873 1877 1034 1961 gladium
1057 1878 1277 1960 adhibuisse,
1290 1891 1403 1958 neque

288 2000 369 2048 cnm
384 1986 531 2067 poterat
546 2001 589 2048 eo
608 1984 745 2048 utiliter
759 1986 823 2066 uti;
845 1985 897 2050 ita
912 1984 1077 2051 videmus
1095 1985 1213 2068 ipsam
1226 1987 1253 2064 ι)
1271 1997 1401 2066 poenas

289 2095 459 2156 cruentas
472 2109 590 2174 neque
603 2093 786 2174 irrogasse
799 2110 867 2157 nec
880 2093 1057 2175 irrogare:
1078 2089 1109 2172 l)
1126 2108 1195 2156 nec
1209 2089 1401 2156 consensis-

289 2216 328 2263 se
345 2215 462 2281 neque
487 2199 695 2264 consentire
712 2199 866 2264 elericos
884 2200 1109 2282 participare
1129 2197 1267 2280 judicio
1291 2196 1400 2261 orimi·
1509 2221 1510 2251 1

289 2305 377 2387 naii;
396 2307 539 2389 quodsi
557 2308 603 2372 ab
621 2307 751 2372 officiis
782 2307 975 2400 charitatis
1008 2306 1208 2372 abhorreat
1238 2305 1401 2370 clericum
1509 2323 1510 2357 τ

290 2415 607 2497 participationem
634 2415 771 2480 habere
798 2415 835 2479 in
861 2415 998 2496 judicio
1028 2414 1229 2496 sanguinis,
1249 2410 1401 2494 alioquin
1509 2425 1510 2468 ῑ

286 2519 398 2602 Justo,
414 2520 524 2586 multo
544 2521 658 2605 magis
671 2522 816 2587 lenitati
834 2521 1024 2588 Ecclesiae
1041 2525 1223 2604 repugnat
1238 2536 1317 2584 eam
1328 2534 1402 2581 sen·
1509 2533 1510 2573 1

290 2627 441 2692 tentiam
472 2630 660 2713 sanguinis
688 2631 833 2694 nomine
865 2631 1012 2713 proprio
1042 2630 1204 2709 ferre:⁰)
1222 2627 1401 2710 magistra·
1509 2635 1510 2678 l

291 2742 364 2799 tum
383 2735 541 2818 civilem,
560 2755 641 2802 cum
672 2738 954 2820 delinquentem,
989 2756 1047 2802 ex.
1066 2755 1121 2820 gr.
1153 2735 1322 2801 clericum
1347 2731 1403 2796 de·

291 2843 494 2928 gradatum,
516 2846 667 2911 brachio
685 2845 867 2910 saeculari
885 2844 1008 2927 tradit,
1029 2861 1173 2928 rogaro,
1192 2843 1242 2906 uti
1266 2843 1302 2906 in
1318 2839 1403 2905 Pon·

292 2951 418 3016 titicali
434 2953 578 3035 legitur,
594 2973 639 3020 ne
667 2955 881 3036 sanguinem
910 2953 1091 3034 effundat,
1109 2969 1155 3016 ex
1173 2969 1242 3034 quo
1273 2949 1407 3015 eruitur

291 3057 478 3124 Ecclesiae
492 3079 564 3126 non
580 3062 699 3128 inesse
728 3063 787 3144 Jus
816 3062 1031 3145 sanguinem
1057 3057 1270 3124 effundendi
1293 3070 1409 3138 neque

292 3166 419 3232 directa
433 3171 496 3232 aut
509 3185 574 3251 per
589 3187 641 3254 se,
656 3187 774 3252 neque
791 3171 957 3236 indirecta
986 3185 1051 3232 seu
1063 3184 1129 3251 per
1146 3165 1333 3248 Principes
1348 3180 1409 3227 no·

293 3275 388 3339 mine
401 3293 478 3359 suo,
490 3293 594 3342 secus
608 3279 734 3360 petitio
748 3277 793 3342 de
808 3295 879 3360 qua
891 3275 1052 3358 loquitur
1064 3272 1290 3354 Pontificale,
1302 3271 1409 3349 falsa,

293 3379 456 3446 irrisoria
483 3389 593 3466 atque
617 3382 902 3448 contradictoria
927 3379 1115 3446 evaderet:
1132 3375 1168 3459 d)
1183 3377 1300 3444 medio
1318 3389 1411 3440 aevo

293 3487 508 3572 Ecclesiam,
535 3508 615 3556 oum
645 3491 760 3556 libere
790 3506 964 3555 exercere
994 3487 1171 3571 potuisset
1198 3485 1258 3568 Jus
1286 3480 1410 3567 gladii,

294 3599 462 3678 quoniam
481 3597 669 3681 Principes
685 3603 721 3664 et
745 3597 886 3682 Populi,
906 3601 1015 3680 prout
1043 3594 1186 3660 ferebat
1212 3590 1277 3656 Jus
1294 3586 1411 3655 Publi·

294 3721 375 3769 oum
391 3705 487 3784 illius
517 3704 648 3769 aetatis
665 3709 702 3770 et
724 3703 911 3770 societatis
935 3701 1156 3768 christianae
1189 3694 1408 3773 constitutio,

294 3812 417 3894 plures
431 3813 684 3878 attributiones
701 3817 738 3877 et
755 3812 1002 3895 plenissimam
1020 3811 1232 3876 facultatem
1249 3807 1355 3874 etiam
1371 3802 1408 3867 in

296 3921 421 3985 ordine
435 3921 627 4005 temporali
641 3927 676 3986 et
690 3922 797 3986 rebus
812 3919 970 4002 politicis
984 3920 1053 4002 ipsi
1067 3918 1307 3994 contulerunt,
1320 3925 1406 3996 quas

295 4027 462 4110 equidem
478 4030 673 4096 facultates
690 4029 727 4094 in
743 4030 877 4093 bonum
895 4027 1103 4111 Principum
1136 4029 1172 4091 et
1199 4022 1404 4108 populorum

296 4185 480 4196 m

366 4281 402 4345 (l)
419 4277 508 4332 -Gan
523 4275 601 4332 inter
615 4277 687 4347 liaeo,
701 4293 777 4333 caus.
791 4281 834 4346 33,
845 4297 871 4348 q.
885 4283 909 4333 2.
