3120 4988
822 401 920 460 ..lid
951 437 980 446 —

341 544 542 628 Ecclesiae,
562 546 767 629 bonumque
784 547 975 629 spirituale
993 551 1029 612 et
1047 553 1235 614 aeternum
1269 547 1459 631 temporali

340 653 523 718 hominum
542 653 635 718 bono
653 671 734 718 esse
750 653 1060 737 praeponendum.

429 763 479 826 3.⁰
526 761 714 843 Majoritas
731 760 918 826 Ecclesiae
936 779 1025 844 prae
1043 761 1148 825 Statu
1178 761 1279 826 civili
1306 763 1459 827 absoluta

343 885 423 933 esse
441 867 577 950 nequit,
589 865 657 931 sed
686 884 782 932 mere
806 867 1065 950 conditionalis,
1084 866 1260 950 siquidem
1277 867 1460 950 plenitudo

343 975 535 1058 potestatis
554 973 754 1038 indirectas
768 973 956 1038 Ecclesiae
970 974 1134 1039 exerceri
1153 992 1226 1038 non
1241 978 1361 1058 potest
1391 973 1459 1056 (vel

343 1082 470 1146 melius
488 1081 654 1146 exerceri
671 1099 742 1144 non
757 1081 885 1164 potuit,
905 1081 1038 1146 etenim
1057 1081 1094 1144 in
1109 1080 1294 1146 hodiernis
1311 1082 1459 1146 nationi·

343 1189 408 1254 bus
421 1195 457 1254 et
470 1189 506 1252 in
520 1188 655 1252 actuali
670 1187 837 1270 Europae
851 1187 1072 1252 christianae
1086 1187 1344 1252 constitutione
1360 1205 1459 1252 exer·

344 1297 465 1360 citium
482 1297 587 1377 hujus
600 1295 828 1360 auctoritatis
842 1295 968 1359 inutile
983 1295 1042 1359 vel
1050 1295 1127 1359 iere
1137 1293 1342 1377 imposibile
1356 1297 1459 1372 foret)

344 1403 412 1467 nisi
431 1403 525 1486 apud
542 1402 707 1466 nationes
725 1401 923 1466 christiane
940 1403 1166 1484 constitutas
1185 1407 1221 1466 et
1250 1403 1376 1484 positis
1411 1403 1461 1466 his

343 1514 498 1594 quatuor
513 1509 791 1574 conditionibus:
807 1510 972 1592 personis
991 1510 1194 1592 catholicis
1212 1512 1461 1592 periculoroli-
1531 1535 1532 1544 ¹

343 1621 460 1702 gionis
478 1635 524 1683 ex
537 1618 747 1682 criminibus
773 1619 1028 1702 imperantium
1061 1619 1202 1701 oborto,
1221 1620 1356 1702 populo
1383 1619 1460 1684 obe·
1531 1651 1532 1656 =

344 1725 457 1789 dicati
470 1724 657 1789 Ecclesiae
672 1728 708 1788 et
720 1741 784 1806 spe
798 1723 1009 1788 removendi
1026 1724 1171 1805 malum,
1188 1741 1252 1788 seu
1266 1724 1461 1807 quodidem

345 1838 412 1916 est,
438 1834 667 1899 caltoliritole
700 1831 938 1913 subditorum,
965 1833 1214 1898 criminalilate
1248 1833 1459 1916 principum,
1532 1867 1533 1926 l

344 1943 568 2007 submissione
584 1941 800 2023 populorum
818 1941 998 2006 eloctione
1013 1939 1153 2004 efficaci
1173 1939 1374 2006 Ecclesiae.

434 2047 521 2112 Cum
539 2065 627 2112 vero
646 2046 762 2111 medio
776 2065 869 2112 aevo
888 2047 1065 2128 ejusmodi
1099 2047 1326 2112 conditiones
1360 2048 1462 2132 plene

345 2156 643 2239 adimplerentur,
661 2154 753 2219 bene
771 2154 973 2236 concipitur
991 2159 1027 2219 et
1060 2159 1159 2219 recte
1178 2154 1384 2236 explicatur
1397 2155 1461 2237 prl·

345 2267 463 2328 matus
481 2263 668 2326 Ecclesiae
683 2261 718 2326 in
734 2265 883 2326 cunctos
902 2262 1054 2344 populos
1072 2266 1108 2327 et
1142 2278 1254 2344 regna
1283 2261 1460 2345 Europae,
1533 2263 1534 2266 ’

346 2371 517 2435 salutaris
550 2369 705 2433 influxus
721 2367 823 2434 Sedis
837 2367 1071 2452 Apostolicae
1088 2370 1124 2433 in
1137 2369 1292 2451 negotiis
1305 2369 1461 2434 saecula·

346 2479 444 2542 ribus
459 2475 701 2558 moderandis,
721 2482 830 2558 atque
849 2493 1019 2559 suprema
1053 2477 1294 2540 Romanorum
1323 2475 1460 2541 Pontifi-

346 2603 426 2650 cum
443 2583 641 2648 auctoritas
661 2599 725 2666 pro
745 2599 836 2665 pace
853 2587 889 2646 et
905 2582 1169 2665 tranquillitate
1187 2583 1335 2666 publica
1352 2600 1461 2648 asser-
1534 2623 1535 2626 =

346 2691 481 2773 vanda,
501 2709 581 2755 cum
600 2690 697 2754 bella
726 2695 968 2772 exsurgerent
1002 2691 1058 2754 vel
1089 2691 1278 2774 Principes
1305 2691 1402 2757 inter
1427 2707 1462 2754 so

347 2800 575 2875 dissiderent;
592 2798 672 2861 sive
691 2797 782 2861 llaec
799 2797 1023 2880 suprcmatia
1037 2815 1081 2861 ac
1094 2797 1351 2881 praepotentia
1365 2799 1401 2863 in
1413 2815 1460 2862 re-

346 2909 412 2973 bus
426 2906 583 2990 politicis
598 2911 633 2968 et
652 2904 917 2986 temporalibus
931 2905 1005 2986 juri
1031 2904 1167 2981 divino,
1188 2905 1256 2969 hoc
1281 2912 1349 2986 est,
1370 2911 1462 2989 pote·

347 3015 430 3078 stati
448 3014 661 3094 indirectas,
685 3013 871 3077 Ecclesiae
886 3013 1036 3096 ejusque
1050 3013 1186 3079 visibili
1200 3013 1319 3097 Capiti
1334 3034 1356 3078 a
1369 3014 1463 3081 Chri·

347 3129 402 3186 sto
421 3121 589 3202 collatae,
609 3138 688 3184 cum
704 3119 923 3184 Bellarmiuo
941 3119 988 3204 (1)
1007 3120 1199 3202 tribuatur;
1218 3122 1296 3187 sive
1316 3121 1391 3203 juri
1407 3139 1463 3204 pu·

349 3229 442 3292 blico
462 3228 497 3292 in
515 3227 660 3309 Europa
679 3233 764 3292 tuno
781 3227 955 3308 temporis
972 3228 1111 3310 vigenti
1145 3247 1225 3294 cum
1242 3227 1403 3294 Fenelon
1421 3227 1463 3309 (i)

348 3335 589 3415 adscribetur:
606 3334 684 3398 sive
698 3351 778 3398 cum
797 3333 988 3415 lluguenin
1007 3336 1053 3414 (3)
1072 3341 1108 3398 et
1125 3333 1308 3418 Cavagnis
1321 3337 1369 3420 (4)
1383 3334 1463 3399 utri·
1480 3395 1483 3404 ,

349 3461 418 3526 que
428 3443 513 3524 jnri,
534 3441 657 3505 divino
676 3458 720 3503 ac
737 3440 894 3504 humano
911 3439 1137 3520 adjudicetur·
1155 3441 1212 3525 (ὅ).

436 3547 488 3612 4.0
534 3545 700 3630 Denique
719 3551 879 3630 potestas
898 3545 1077 3612 indirecta
1095 3547 1281 3612 Ecclesiae
1299 3549 1335 3611 et
1348 3563 1463 3612 eorre-

349 3699 505 3707 ——-——.

420 3823 458 3890 (l)
497 3821 539 3876 De
553 3819 675 3874 Romano
691 3817 829 3886 Pontifice,
843 3819 890 3872 lib.
906 3821 943 3873 V.

420 3899 456 3956 (2)
496 3893 539 3946 De
552 3891 660 3945 Summi
673 3889 814 3960 Pontificis
823 3891 993 3954 auctoritate,
1005 3907 1065 3958 cap.
1077 3891 1218 3944 XXXIX.

419 3963 455 4028 (3)
491 3963 634 4032 Expositis>
647 3961 797 4017 Methodico
809 3961 890 4016 Juru
907 3962 1044 4028 Canonici,
1058 3961 1106 4014 lib.
1122 3965 1146 4029 ³,
1157 3965 1199 4015 tit.
1212 3964 1234 4030 I,
1247 3968 1299 4018 ert.
1314 3965 1351 4016 ll.

420 4033 684 4159 (illquslitutioues
697 4035 718 4090 J
722 4035 778 4088 uria
791 4033 896 4088 Publici
905 4032 1098 4100 Ecclesiastici,
1109 4034 1157 4088 lib.
1169 4035 1229 4101 Ill.,
1240 4049 1301 4104 cap.
1314 4037 1366 4104 VI,
1374 4041 1425 4088 ari.
1434 4033 1465 4094 V,

349 4109 447 4159 num.‘
496 4145 502 4159 .

420 4179 460 4245 (o)
498 4175 543 4232 De
556 4179 609 4231 liae
621 4177 790 4246 gravissima
801 4178 926 4246 materia,
940 4192 1025 4244 quam
1039 4175 1102 4230 heic
1122 4178 1223 4231 leviter
1236 4194 1287 4246 pro
1301 4183 1400 4246 nostro
1412 4193 1466 4232 sco·

349 4265 385 4318 po
397 4251 552 4314 innuimus,
562 4249 592 4302 in
606 4249 737 4304 Secunda
750 4249 836 4318 hujus
845 4249 945 4316 Operis
961 4249 1044 4302 Parte
1057 4250 1112 4302 late
1123 4263 1249 4314 agemus,
1261 4249 1311 4304 ubi
1337 4251 1374 4304 de
1393 4255 1463 4318 pote·

349 4325 422 4376 state
432 4321 569 4375 indirecta
582 4322 725 4375 Ecclesiae
735 4322 891 4388 disputatio
904 4321 1035 4388 specialis
1047 4321 1218 4374 instituetur.
