3034 4990
551 461 590 475 -
611 429 731 488 355-

171 569 220 634 2.⁰
235 570 348 636 Error
379 589 506 637 eorum
532 572 595 656 qui
624 572 825 638 Primatum
851 571 986 639 Summi
1015 573 1200 639 Pontificio

80 676 229 760 eJ'usque
246 677 407 743 divinam
421 679 599 761 originem
613 685 831 762 agnoscunt,
848 679 913 745 sed
937 684 1060 744 tamen
1085 681 1201 765 placi·

80 786 231 851 tudinem
243 786 474 851 auctoritatis
492 787 710 869 primatialis
734 787 946 869 diffitentur,
974 787 1199 853 affirmantes

84 891 279 975 Episcopus
295 892 348 957 ita
364 893 524 957 limitare
535 897 757 975 potestatem
780 893 1024 976 dogmaticam
1041 897 1078 958 et
1094 893 1200 958 disci·

82 999 257 1080 plinarem
280 998 524 1064 Romanorum
540 999 768 1080 Pontificum,
787 1005 827 1064 ut
839 999 1101 1082 Episcopcrum
1116 1016 1200 1064 con·

82 1104 296 1169 sensussive
313 1121 510 1169 concursus
527 1105 590 1169 vel
604 1104 843 1187 praecedens,
861 1106 923 1171 vel
953 1105 1201 1170 concomitans

83 1210 117 1273 in
134 1207 319 1292 conciliis,
333 1211 395 1276 vel
411 1211 635 1293 subsequens
652 1211 699 1275 sit
715 1213 955 1276 necessarius.
988 1211 1100 1276 Juxta
1133 1211 1203 1276 hoc

85 1321 335 1398 commentum,
352 1317 514 1398 regimen
531 1317 720 1382 Ecclesiae
738 1317 863 1382 evadit
880 1317 1032 1382 mixtum
1056 1334 1103 1381 ex
1131 1318 1202 1382 ele·

84 1427 201 1488 mento
218 1423 473 1488 aristocratico
487 1428 524 1489 et
540 1424 788 1504 monarchico,
807 1427 917 1505 atque
930 1422 1094 1488 Summus
1112 1422 1203 1487 Pon·

85 1532 171 1596 tifex
188 1535 244 1596 est
259 1533 428 1615 superior
445 1550 509 1614 pro
528 1531 679 1614 singulis
695 1529 885 1614 Episcopis
903 1527 1203 1610 distributivased

85 1639 350 1720 noncollcctivc,
369 1638 456 1720 quia
483 1641 702 1721 potestatem
725 1655 798 1702 non
828 1640 977 1701 exercet
1005 1636 1042 1700 in
1072 1633 1203 1717 corpus

84 1742 344 1827 Episcoporum
362 1744 500 1825 (plures
530 1746 567 1808 et
593 1744 818 1826 antiquiores
846 1741 1028 1808 Gallicani
1057 1741 1205 1806 nomine

83 1865 278 1914 consensus
295 1849 484 1915 Ecclesiae
502 1855 641 1915 tantum
666 1849 866 1932 Episcopus
885 1846 1158 1931 intelligentes).

167 1955 221 2020 3.⁰
267 1955 380 2021 Error
394 1973 518 2021 eorum
531 1957 593 2039 qui
605 1963 769 2022 naturum
781 1955 962 2022 Primatus
974 1955 1202 2036 impugnant,

84 2063 343 2128 contendentes
366 2063 567 2146 Episcopus
585 2067 805 2145 potestatem
836 2060 989 2126 Romani
1021 2060 1205 2124 Pontificis

83 2169 202 2250 quoad
230 2169 376 2234 modum
393 2186 474 2234 eam
492 2168 688 2234 exercendi
720 2168 942 2249 restringere
974 2183 1094 2248 posse,
1113 2164 1205 2229 adeo

86 2281 120 2338 ut
146 2280 288 2340 tantum
321 2276 614 2341 extraordinarie
640 2275 751 2339 liccat
775 2274 807 2338 ei
835 2273 874 2338 in
901 2273 1055 2355 negotiis
1080 2271 1205 2336 Eccle-

85 2382 217 2447 siarum
240 2383 519 2464 particularium
542 2383 779 2461 intervenire,
801 2380 967 2463 quamvis
991 2382 1206 2461 permaneat

84 2503 298 2571 semperque
314 2489 493 2554 habeatnr
521 2493 708 2570 tamquam
736 2499 901 2552 centrum
931 2485 1205 2551 ecclesiasticae

84 2595 344 2660 communionis
361 2600 399 2659 ct
421 2594 625 2659 catholicae
644 2594 792 2658 unitatis
809 2593 995 2657 vinculum
1010 2592 1204 2674 (Richeria

85 2701 129 2782 ni,
145 2701 383 2781 Eebroniani,
402 2701 424 2766 J
427 2701 634 2766 ansenistae
651 2707 687 2764 et
704 2699 936 2780 Eybelliani).

167 2807 248 2872 220.
296 2807 340 2872 In
356 2808 632 2872 nomenclatura
646 2823 810 2870 errorum
823 2821 934 2886 snpra
960 2803 1127 2884 exposita
1147 2823 1204 2866 ar-

83 2913 368 2982 cliercucrcticoa
386 2915 653 2997 appellavimus
671 2913 858 2977 doctrinas
869 2913 930 2976 vel
943 2911 1081 2993 placita
1095 2927 1204 2990 quae-

86 3035 237 3104 cumque
253 3025 473 3104 potestatem
497 3023 720 3104 pontificiam
755 3018 970 3083 extollentia
987 3020 1023 3080 et
1054 3015 1205 3097 amplifl-

88 3128 219 3209 cantia,
237 3127 320 3210 plus
337 3144 446 3210 quam
459 3128 531 3190 fert
543 3128 625 3209 ipsa
637 3127 814 3191 institutio
830 3131 866 3189 et
880 3132 1013 3188 natura
1025 3123 1206 3188 Primatus

88 3231 266 3298 aOhrieto
278 3233 388 3298 Petro
406 3235 556 3316 eJusque
573 3232 850 3298 Successoribus
868 3231 1006 3296 collati:
1026 3229 1094 3293 etsi
1112 3229 1207 3293 enim

88 3337 120 3402 in
135 3339 312 3404 Pontiflce
328 3339 500 3420 Maxime,
515 3356 562 3402 ex
575 3339 645 3403 Dei
663 3339 899 3420 dispositione
916 3341 952 3400 et
965 3334 1207 3400 Conciliorum

86 3443 307 3526 delinitione,
322 3446 540 3529 praesertim
549 3445 762 3508 Florentino
775 3444 996 3509 etVaticana
1011 3441 1118 3504 toties
1132 3441 1206 3504 lau-

85 3549 190 3633 datiS,
211 3557 289 3615 tota
304 3551 465 3616 resideat
481 3551 669 3633 plenitudo
686 3549 877 3633 potestatis
895 3563 1098 3629 supremae,
1114 3544 1207 3610 crdi-

87 3659 213 3722 nariae
230 3663 267 3720 et
283 3657 530 3739 immediatae,
551 3660 675 3721 tamen
692 3657 762 3720 hac
778 3671 887 3738 super
913 3670 953 3717 re
971 3652 1049 3716 dari
1073 3654 1209 3734 queunt

85 3777 229 3828 errores
242 3781 308 3844 per
325 3784 511 3844 accessum,
529 3767 566 3827 et
578 3751 714 3844 ¹reapse
731 3760 922 3826 occasione
947 3758 1208 3822 celeberrimae

87 3870 362 3936 controversiae
390 3871 490 3934 circa
520 3869 697 3951 originem
722 3867 983 3949 jurisdictionis
1012 3865 1208 3946 Episcopo·

90 3988 178 4057 rum,
198 3980 306 4058 prout
334 3981 539 4059 opportuno
564 3976 644 4040 loco
677 3973 945 4053 annotavimus,
961 3970 1125 4035 nonnulli
1150 3987 1209 4034 ca·

89 4082 254 4146 nonistae
270 4083 307 4146 in
334 4099 379 4148 ca
407 4082 620 4164 quaestione
648 4079 911 4163 pertractanda
929 4079 982 4141 ita
1000 4079 1207 4154 versentur,

91 4190 127 4248 ut
143 4185 406 4271 Episcoporum
434 4193 654 4269 potestatem
672 4204 760 4254 vere
779 4184 997 4268 deprimant,
1018 4187 1209 4248 censentes

91 4306 167 4358 eam
196 4295 287 4367 sica
314 4295 489 4360 Pontifice
518 4293 710 4376 impertiri,
728 4292 879 4376 perinde
907 4309 951 4356 ac
979 4291 1010 4356 si
1037 4289 1209 4373 Episcopi
