3030 4990
466 871 680 970 CAPUT
732 872 780 969 ll

165 1095 525 1168 mrnnnsrrnnrs
548 1094 770 1168 recusus
794 1011 1050 1169 oonsnnrno

449 1517 712 1584 ARTIOULUS
742 1519 769 1584 Ι.

484 1713 731 1780 Suuunruuu.
1146 1722 1150 1752 ¹

58 1897 93 1950 st.
109 1891 345 1946 Fundamentalls
367 1891 512 1944 Ecclesiae
539 1890 796 1946 constitutio.--t'l.
819 1889 969 1959 Praecipni
995 1891 1173 1945 characlsres

120 1965 273 2018 Potestatia
289 1963 595 2016 detestatione-es.
618 1962 732 2016 Primus
752 1963 904 2016 character:
931 1961 1062 2017 Potestas
1082 1965 1175 2017 Eccle-

118 2037 176 2090 siae
189 2048 236 2090 eat
251 2035 561 2088 Hraaaacmca-tt.
584 2035 670 2088 Notio
688 2035 873 2088 Hiersrchiae
899 2033 1025 2102 objectiva
1038 2039 1066 2088 et
1090 2033 1175 2102 subje-

117 2108 184 2162 ctive
197 2106 422 2173 sumptae-70.
437 2105 600 2172 Quoluplex
614 2106 653 2159 sit
663 2105 920 2160 Elementa-71.
941 2105 1055 2160 Gradus
1072 2105 1175 2158 hierar·

118 2180 190 2232 chici
207 2177 414 2232 Ordinis-ii.
434 2179 479 2230 An
490 2177 656 2231 omnessint
667 2179 928 2246 jurisdivini.-ltl.
949 2176 1062 2231 Gradus
1072 2177 1176 2230 lilerar-

118 2250 190 2304 rhici
226 2247 477 2303 Jurisdictionls.-
493 2249 534 2303 74.
564 2249 659 2316 Hujus
682 2250 760 2303 vocis
786 2249 1036 2316 etymon-'lde-
1056 2247 1177 2303 Diversa

118 2322 247 2392 acceptio
260 2320 472 2374 Jurisdictionis
495 2323 524 2372 in
537 2319 606 2374 lure
620 2321 749 2374 Romano
773 2327 859 2388 atque
883 2321 1175 2376 Ecclesiastico—lt.

118 2391 224 2447 Variae
238 2393 349 2461 species
362 2391 665 2448 iurisdictionis-77.
683 2391 715 2446 ln
728 2409 784 2460 quo
797 2393 912 2447 diflerat
921 2397 1050 2460 potestas
1060 2392 1175 2446 Ordinis

118 2481 134 2518 a
146 2469 293 2533 potestate
305 2463 527 2518 iurisdictionis.

136 2634 192 2700 66.
244 2635 301 2700 Ad
318 2635 613 2700 constitutionem
630 2635 818 2700 Ecclesiae
832 2639 933 2701 recte
953 2639 989 2701 et
1006 2634 1176 2701 distincte

60 2711 315 2807 definiendam'
326 2759 476 2808 necesse
493 2751 549 2808 est
562 2743 727 2826 diligenti
741 2743 860 2809 studio
879 2743 1107 2827 perpendere
1124 2745 1175 2807 at·

60 2863 118 2928 que
128 2849 374 2931 introspicere
391 2849 625 2914 characteres
649 2850 863 2916 essentiales
897 2851 1088 2933 potestatis
1121 2866 1176 2913 so·

60 2953 165 3038 cialis,
180 2955 373 3020 Ecclesiae
386 2956 542 3038 juridice
571 2957 825 3041 incumbentis,
860 2975 925 3024 seu
956 2957 1052 3041 quod
1081 2956 1177 3021 idem

60 3067 116 3142 est,
135 3063 347 3128 constitutio
364 3063 552 3128 Ecclesiae
568 3061 781 3131 Catholicae
800 3065 932 3148 attingi
948 3068 985 3130 et
1013 3063 1177 3146 dignosci

60 3170 187 3252 nequit,
203 3169 275 3234 nisi
285 3171 384 3253 prius
398 3170 519 3252 logica
532 3189 575 3236 ac
589 3173 754 3254 rigorose
769 3172 1050 3237 ratiocinatione
1060 3171 1176 3236 deter-

61 3275 235 3341 minentur
252 3285 360 3342 notae
379 3279 550 3360 propriae
578 3283 616 3342 et
641 3279 847 3363 peculiares
877 3281 1175 3362 praerogativae,

62 3383 180 3463 quibus
195 3382 359 3450 Christus
374 3383 548 3450 Dominus
562 3385 785 3451 Potestatem
797 3404 941 3452 sacram
956 3392 993 3452 et
1008 3386 1176 3469 spiritua-

61 3487 122 3555 lem
139 3491 283 3574 abipso
301 3493 504 3558 institutam
523 3498 560 3559 et
577 3511 665 3559 suae
683 3493 873 3559 Ecclesiae
905 3494 1076 3559 collatam
1094 3490 1177 3555 insi-

61 3598 156 3676 gnire
173 3599 302 3664 voluit.

140 3703 197 3770 67.
246 3703 414 3772 Sexsunt
432 3706 621 3790 praecipui
636 3707 868 3773 characteres
895 3705 1179 3771 Ecclesiasticae

62 3807 250 3877 Potestatis
263 3813 362 3880 hisce
376 3813 500 3880 verbis
515 3815 750 3880 mnemonicis
770 3813 946 3898 expressi:
964 3811 1075 3889 Quae?
1090 3809 1178 3887 Qua-

62 3914 117 3980 lia?
133 3917 288 3994 Quanto?
310 3919 411 3997 Quis?
432 3922 628 3988 Uudeaam?
644 3921 835 3998 Quomodo?
848 3920 989 3984 scilicet
1001 3920 1178 3984 Institutio

63 4029 119 4088 aut
135 4029 240 4112 oripo,
257 4028 406 4110 Natura,
427 4029 600 4116 Odjectam
618 4046 682 4093 seu
698 4029 862 4108 estensis,
882 4025 1089 4114 Subjectum,
1109 4025 1178 4091 Ad·

65 4132 198 4212 saisitis
209 4136 270 4200 vel
282 4135 413 4218 distas,
432 4139 469 4200 et
484 4136 612 4201 Formo
640 4135 835 4200 Potestalis
855 4133 1043 4199 Ecclesiae
1056 4132 1178 4197 inhae-

65 4241 182 4305 rantis.

146 4347 330 4430 Ejusmodi
345 4349 513 4414 Potestas
525 4349 667 4414 ratione
683 4348 921 4416 institutionis
938 4364 1002 4412 seu
1034 4348 1180 4434 criptula
