3030 4990
442 469 447 478 '
533 459 710 517 -159-

155 604 207 668 91.
253 603 421 668 Potestas
430 603 620 692 judicialis
636 606 879 687 nuncupatur:
898 600 964 668 Jas
982 601 1186 668 declarandi

82 711 164 776 modo
180 711 381 797 obligatorio
395 718 524 777 rectam
541 712 732 777 mediorum
749 711 1017 795 applicationem
1042 710 1183 775 actioni-

80 819 131 882 bac
153 819 375 900 subditorum,
394 819 454 883 vel
479 819 635 904 facultas
659 818 916 884 determiaaadi
935 837 1052 881 ncrrcm
1075 817 1186 900 iopam

78 945 207 1007 censam,
235 926 459 1011 copaoaceadi
492 927 528 991 in
557 933 711 991 concreto
730 926 955 990 decoctorum
983 924 1185 1004 actionibus,

76 1040 163 1117 atquc
174 1034 358 1121 definiendi
372 1055 541 1118 quaenam
553 1034 709 1119 sintjnri
722 1031 976 1118 conformasset
992 1031 1185 1116 difformes.

152 1139 204 1204 Ex
236 1140 307 1204 bac
338 1140 546 1205 delinitione
576 1140 759 1222 colligitur
788 1138 964 1220 judicium
995 1138 1186 1219 potestatis

74 1247 244 1328 judicialis
276 1265 382 1330 posse
400 1265 492 1313 esse:
514 1246 564 1312 1.⁰
581 1249 722 1312 ratione
747 1248 965 1328 calausionis,
985 1245 1185 1333 mercjciri·

76 1355 187 1436 dicam,
205 1372 306 1420 mere
334 1357 538 1440 empiricam
555 1359 592 1419 et
620 1355 769 1420 mixtum
800 1371 863 1418 seu
881 1353 1186 1440 enipiricojaridi·

75 1483 154 1544 cum,·
170 1462 408 1527 theoreticam
427 1467 489 1526 aut
509 1482 598 1526 arara
616 1463 814 1549 juridicam
833 1461 931 1525 circa
947 1465 1085 1524 rectum
1114 1477 1185 1522 mo-

76 1568 148 1634 dum
174 1570 266 1652 legis
297 1569 509 1653 applicandi
534 1573 717 1652 versatur,
738 1589 827 1634 inere
857 1569 1059 1652 empiricam
1088 1567 1187 1630 circa

75 1683 229 1742 naturam
247 1679 350 1759 facti;
365 1684 402 1742 et
416 1679 565 1743 mixtum
580 1696 642 1742 scu
658 1677 1029 1765 empirico-jaridicam
1043 1675 1186 1740 relatio-

74 1803 146 1850 nem
162 1787 249 1855 lacti
267 1787 312 1850 ad
330 1786 448 1868 legem
467 1787 632 1868 inquirit,
652 1786 687 1849 in
707 1785 809 1866 cujus
827 1784 1075 1848 declaratione
1104 1800 1185 1846 con-

74 1893 158 1958 sistit
180 1893 376 1958 sententia:
395 1892 447 1958 ⁴2.⁰
465 1895 608 1958 rationo
629 1893 804 1974 materiae,
823 1892 923 1980 ciuile
942 1895 978 1955 et
992 1893 1187 1972 criminata

72 1999 232 2080 jndicium
258 2001 358 2066 civile
375 1999 507 2064 dicitur
526 2000 621 2084 quod
648 2001 708 2082 jus
733 2007 1008 2064 controversum
1039 1998 1185 2078 dirimit,

75 2112 129 2170 aut
154 2105 197 2172 dc
217 2109 310 2190 Juris
336 2109 472 2191 privati
487 2109 578 2172 laesi
608 2107 874 2172 restauratione
899 2108 987 2188 agit,
1007 2107 1187 2170 criminale

74 2218 181 2279 antem
196 2215 405 2299 appellatur
420 2214 516 2299 quod
525 2215 617 2299 juris
632 2215 971 2298 transgressionem,
987 2222 1187 2296 transgres-

73 2321 244 2406 sionisque
262 2341 417 2406 poenam
435 2323 597 2405 respicit,
616 2341 680 2387 seu
695 2321 739 2387 dc
757 2323 885 2386 violati
901 2320 1037 2403 publici
1052 2320 1187 2384 ordinis

74 2431 330 2495 restauratione
340 2429 494 2511 judicat.

151 2537 254 2602 Ratio
271 2539 450 2602 naturalis
465 2537 704 2604 invictissimo
731 2536 860 2619 cuique
877 2536 1006 2600 suadet
1019 2535 1186 2600 societati

73 2645 249 2723 perlectae
274 2653 481 2728 competere
507 2649 726 2728 potestatem
754 2642 966 2726 judicialem
985 2645 1020 2706 in
1036 2661 1131 2707 suos:
1153 2648 1188 2706 et

72 2767 162 2833 sanc,
180 2753 338 2818 societas
353 2753 516 2835 perfecta
533 2770 579 2816 cx
597 2751 702 2815 dictis
716 2751 798 2833 juro
824 2749 958 2833 gaudet
976 2749 1145 2831 exigendi
1166 2767 1186 2811 a

72 2857 170 2923 sociis
200 2864 335 2924 cuncta
362 2859 573 2924 necessaria
600 2857 647 2922 ad
674 2858 781 2923 finem
812 2855 1092 2940 assequendum
1123 2855 1187 2920 sed

72 2981 129 3044 pro
142 2965 211 3031 fine
224 2967 354 3031 sociali
366 2965 562 3031 obtinendo
578 2966 723 3030 minime
737 2966 870 3030 suflicit
884 2963 1083 3047 propositio
1099 2963 1187 3027 obli·

71 3073 205 3150 gatoria
222 3073 434 3152 mediorum,
454 3091 548 3156 quae
563 3090 628 3155 per
639 3077 856 3156 potestatem
876 3071 1121 3156 legislativum
1136 3071 1185 3152 lit,

74 3178 128 3243 sed
152 3180 351 3263 requiritur
378 3181 490 3245 etiam
518 3183 621 3244 recta
651 3178 858 3244 eorumdem
888 3178 1099 3260 applicatio,
1120 3178 1188 3242 hoc

72 3293 129 3367 ost,
162 3291 200 3352 ut
223 3287 343 3352 media
373 3287 562 3370 proposita
593 3286 833 3351 adhibeantur
864 3285 970 3366 juxta
1003 3302 1083 3349 eum
1109 3301 1187 3348 scn-

72 3408 141 3460 sum
156 3411 200 3460 ac
214 3393 357 3460 modum
376 3413 446 3479 quo
461 3395 652 3478 proposita
666 3399 761 3458 sunt.
781 3393 884 3458 Nunc
898 3411 999 3474 vero,
1015 3410 1187 3475 praesup-

72 3503 179 3579 posito
208 3502 344 3585 triplici
362 3503 465 3567 obice
497 3519 613 3584 nuper
638 3501 833 3581 recensito,
854 3499 949 3583 quod
974 3500 1009 3563 in
1027 3500 1189 3582 qualibet

72 3611 245 3692 agentium
277 3609 506 3675 multitudine
523 3627 667 3692 semper
696 3611 921 3692 supervenit,
943 3613 979 3673 et
996 3625 1187 3674 removere

73 3715 139 3782 lero
154 3717 360 3801 imposibile
373 3715 518 3782 videtur
532 3728 683 3800 propter
700 3715 905 3780 naturalem
924 3715 1069 3780 humani
1084 3715 1187 3780 intel-

71 3821 176 3889 lectus
203 3826 416 3907 uarietatem,
442 3825 588 3890 insitam
614 3824 815 3889 voluntatis
845 3824 1109 3889 mutabilitatem
1135 3829 1186 3886 at·
1215 3822 1217 3826 ’

73 3945 132 4011 que
143 3931 499 3997 vehementissimum
516 3933 724 4015 passionum
739 3938 880 4011 aeciam,
893 3928 1011 3993 media
1025 3929 1186 3994 adfinem

73 4036 241 4119 ordinata,
262 4043 340 4104 utut
356 4040 578 4105 sufficienter
596 4041 669 4104 sint
688 4041 887 4122 proposita,
908 4039 976 4104 rito
1006 4039 1187 4121 applicari

73 4151 258 4227 nequeunt,
288 4145 358 4211 nisi
385 4146 422 4211 in
454 4147 534 4229 ipsa
569 4147 746 4211 socictate
776 4153 997 4232 agnoscatur
1025 4151 1188 4228 potestas

74 4249 106 4313 ui
132 4252 317 4336 obligandi
345 4253 526 4338 praedita,
548 4271 642 4337 quae
671 4253 837 4336 judicare
854 4254 969 4336 possit
984 4253 1028 4318 de
1046 4271 1135 4319 vera
1153 4257 1188 4318 et

74 4354 376 4434 justamediorum
401 4362 648 4446 applicatione
668 4364 859 4444 tumissa,
879 4364 946 4427 boc
963 4369 1029 4444 est,
1049 4379 1186 4444 genna·
