3034 4990
791 435 829 450 -
850 397 967 464 294-

323 543 409 632 flngi
421 554 458 616 et
469 547 625 614 fortasse
642 549 837 614 sustentari
852 553 976 633 posset
992 549 1087 615 inter
1102 549 1201 634 ipsas
1219 549 1421 618 communio-

322 671 387 720 nes
404 654 622 720 christianas
649 654 811 720 falsitate
828 655 937 720 etiam
951 655 1126 740 arguitur,
1141 674 1184 724 eo
1198 657 1293 741 quod
1305 676 1423 742 suppo-

321 765 386 826 nat
398 778 522 826 omncs
539 765 659 826 sectas
673 760 890 826 christianas
920 761 1171 828 indifferenter
1185 781 1225 828 se
1238 762 1370 830 habere
1384 765 1425 828 ad

322 865 490 932 veritatis
507 866 772 948 possessionem
786 873 822 931 et
839 866 922 932 fidei
953 868 1228 952 professionem,
1249 887 1311 936 seu
1339 870 1423 954 quod

322 971 417 1038 idem
434 976 501 1056 cst,
516 977 666 1038 cunetas
682 981 802 1040 sectas
814 977 851 1040 et
864 973 1080 1040 christianas
1095 975 1360 1041 communiones
1375 993 1422 1041 es·

322 1095 361 1144 se
378 1078 580 1145 censendas
597 1079 770 1162 aequales
790 1079 910 1163 quoad
927 1081 1062 1146 cultum
1079 1086 1115 1147 at
1130 1081 1353 1165 religionem;
1368 1081 1424 1148 scd

322 1184 390 1250 hoc
407 1185 529 1252 sensui
548 1185 728 1251 communi
745 1189 780 1250 et
797 1187 948 1252 rationis
962 1186 1150 1253 dictamini
1162 1193 1261 1254 certe
1274 1190 1423 1272 refraga-

298 1280 302 1290 ’
321 1297 392 1376 tur,
411 1311 505 1377 quae
523 1294 626 1360 nobis
640 1294 863 1377 persuadent
880 1313 988 1361 uuam
1006 1295 1195 1361 dumtaxat
1212 1313 1422 1362 asseverem

322 1399 454 1466 Christi
468 1401 694 1484 religionem,
713 1405 750 1465 et
763 1401 880 1484 ipsam
896 1401 1012 1466 solam
1025 1401 1303 1467 existimandam
1327 1403 1422 1486 plene

322 1505 508 1572 efficacem
526 1507 573 1572 ad
586 1506 873 1590 promovendum
886 1507 1130 1592 tuendumque
1148 1507 1309 1574 ordinem
1321 1509 1422 1574 socia·

321 1613 404 1679 lem.

408 1719 674 1786 Naturalismus
687 1719 879 1803 dupliciter
892 1721 984 1786 sumi
999 1723 1131 1804 potest,
1151 1738 1216 1804 per
1241 1723 1421 1806 oppositio·

320 1843 402 1893 nam
421 1825 468 1892 ad
479 1826 607 1910 Deum,
626 1834 662 1892 et
679 1833 763 1892 tunc
778 1849 889 1913 paras
902 1845 966 1892 scu
995 1828 1167 1894 radicalis
1194 1827 1336 1912 dicitur,
1370 1829 1422 1894 vel

319 1951 386 2018 per
399 1933 664 2018 oppositionem
680 1933 728 1998 ad
744 1933 905 2000 divinam
922 1934 1199 2017 revelationem,
1219 1941 1256 2000 et
1272 1943 1353 2002 tunc
1368 1937 1421 2000 mi·

320 2043 447 2128 tipatus
463 2045 706 2123 nuncupatum
721 2046 873 2124 uterque
906 2045 1031 2124 utpote
1060 2041 1237 2108 absurdus
1262 2047 1298 2108 et
1321 2043 1422 2108 falsus

321 2148 546 2234 respuendus
562 2155 627 2215 est.

409 2256 673 2324 Naturalismus
697 2255 879 2339 radiculis,
914 2256 975 2340 qui
1007 2259 1177 2322 naturam
1205 2261 1242 2323 et
1276 2256 1422 2322 ordinem

320 2365 493 2430 moralem
511 2365 548 2428 in
564 2381 604 2428 se
617 2363 825 2428 considerat
839 2369 948 2446 atque
963 2382 986 2427 a
1011 2363 1089 2428 Deo
1103 2363 1336 2447 praescindit,
1366 2364 1422 2428 fal·

319 2472 427 2537 sitate
440 2477 565 2554 scatet,
585 2473 719 2556 quippe
736 2471 825 2536 duas
840 2473 1016 2538 veritates
1044 2473 1238 2556 primarias
1255 2479 1291 2538 ct
1324 2473 1421 2538 maxi·

319 2599 376 2646 me
392 2581 604 2646 essentiales
622 2581 794 2646 diffitetur
812 2585 849 2645 et
865 2581 1029 2664 destruit,
1048 2599 1179 2664 nempe
1195 2581 1265 2647 Dei
1281 2581 1421 2646 existen·

320 2689 408 2755 tiam
422 2695 458 2754 et
470 2689 724 2754 solidissimum
742 2689 878 2755 ordinis
904 2689 1052 2756 moralis
1081 2689 1362 2770 fundamentum3
1393 2691 1422 2752 ct

319 2813 407 2862 sane
421 2815 544 2862 omnes
561 2801 763 2879 agnoscunt
780 2815 824 2862 ac
842 2797 964 2863 colunt
983 2815 1091 2863 unum
1108 2795 1225 2862 Deum
1257 2797 1348 2862 coeli
1377 2801 1420 2858 te·

318 2923 474 2989 rraeque
488 2903 710 2988 Creatorem,
729 2906 824 2972 enim
838 2907 922 2972 coeli
936 2915 1105 2972 enarrant
1132 2906 1282 2992 pieriam
1309 2905 1372 2970 Dei
1397 2909 1422 2967 ct

319 3033 424 3098 opero
438 3035 600 3079 munaum
616 3014 691 3101 ejus
716 3015 877 3079 enuntiat
890 3016 1159 3101 firmamentum·
1191 3013 1364 3096 simulque
1392 3028 1420 3074 o·

319 3136 421 3184 mnes
438 3126 571 3185 norunt
588 3129 623 3184 et
640 3121 733 3186 ultro
748 3121 908 3185 fatentur
921 3121 1037 3185 Deum
1062 3139 1141 3187 esse
1165 3121 1377 3204 principium
1392 3123 1422 3181 et

320 3229 496 3312 originem
510 3230 645 3296 ordinis
660 3229 819 3311 moralis,
835 3231 887 3292 ita
902 3233 951 3311 ut,
967 3230 1112 3294 sublata
1128 3230 1205 3312 ejus
1223 3231 1364 3294 notione
1375 3244 1421 3293 re·

318 3337 526 3421 ligioucque
556 3340 712 3422 seclusa,
746 3339 833 3405 ordo
869 3341 1015 3406 moralis
1049 3341 1252 3424 subjective
1288 3353 1420 3424 prorsus

319 3449 414 3528 ruat,
433 3447 518 3529 quia
535 3453 654 3512 cessat
672 3465 761 3513 vera
790 3447 872 3514 idea
902 3449 1146 3532 obligationis3
1166 3456 1203 3514 at
1221 3465 1300 3514 cum
1319 3463 1420 3512 mora·

319 3554 404 3618 litas
422 3553 696 3620 fundamentum
712 3555 758 3620 sit
776 3556 1051 3639 tranquillitatis
1070 3555 1237 3640 publicae
1271 3562 1307 3622 et
1332 3553 1420 3638 pacis

319 3661 478 3744 socialis,
498 3661 624 3727 ordine
642 3664 771 3728 morali
787 3681 930 3747 everso,
949 3665 1156 3730 necessario
1181 3665 1268 3730 ordo
1286 3664 1360 3748 ipsc
1375 3679 1420 3726 so·

319 3770 423 3834 cialis
442 3770 601 3835 funditus
615 3775 815 3836 corrueret.

394 3876 426 3942 N
429 3878 659 3943 aturalismus
673 3879 860 3964 mitigatus,
876 3879 1010 3961 passim
1024 3878 1292 3945 rationalismus
1303 3879 1417 3955 dictus,

319 3984 380 4066 qui
396 3985 614 4050 revelationi
628 3987 822 4069 opponitur
836 3993 872 4051 et
885 3985 1097 4068 religionem
1115 3988 1319 4053 naturalem
1334 3983 1417 4051 suffi-

319 4090 474 4155 cientem
500 4093 715 4175 proclamat,
749 4094 910 4159 falsitate
941 4111 1084 4177 quoque
1112 4095 1348 4160 convincitur:
1377 4085 1418 4154 1.⁰

320 4197 404 4278 quia
421 4197 500 4279 ipsa
516 4198 609 4264 ratio
623 4201 800 4264 naturalis
819 4200 932 4265 dictat
948 4219 1021 4265 uon
1034 4202 1139 4267 modo
1156 4202 1417 4284 possibilitatem

318 4305 398 4371 sive
416 4306 616 4371 materialis
633 4307 712 4372 sive
729 4307 893 4374 formalis
909 4308 1159 4390 revelationis,
1179 4305 1417 4375 verumetiam
