3024 4994
523 411 640 469 -259
669 445 700 455 -

65 552 133 617 dam
164 553 337 638 imposuit
369 573 434 638 pro
467 554 531 620 illa
558 555 788 638 impetranda
818 555 1054 638 reddendum
1077 559 1171 639 post-

63 677 99 724 ea
120 665 240 726 autem
254 662 302 726 ad
328 661 512 727 Throuum
544 661 989 746 Constantinopolitanum
1023 665 1172 730 evectus

63 763 307 862 Constantinus
336 768 386 834 IV
402 769 623 852 Pogouatus,
642 769 736 835 filius
771 769 992 852 Constantis,
1019 774 1172 851 rogante

61 870 89 936 S.
105 873 275 941 Pontifioe
299 875 491 958 Agathone
506 875 611 959 (678),
630 876 791 959 vectigal
810 877 1047 959 renuntiavit3
1067 881 1102 941 et
1120 877 1171 941 fa·

61 983 111 1044 cta
126 981 217 1062 (684)
235 983 414 1048 electione
432 983 619 1048 Benedicti
643 983 691 1065 II,
709 985 820 1049 etiam
845 985 962 1067 legem
982 984 1172 1050 confirma·

61 1087 181 1154 tionem
199 1089 425 1174 imperialem
443 1091 730 1174 praecipientem
754 1091 962 1174 abrogavit,
983 1109 1089 1175 quam
1108 1091 1171 1156 ite-

60 1211 128 1260 rum
143 1195 336 1262 innovavit
363 1197 440 1279 ejus
458 1197 552 1263 filius
581 1197 806 1262 Justinianus
835 1197 882 1281 II,
902 1197 970 1263 etsi
999 1198 1171 1263 tributum

60 1301 299 1368 condonando.

139 1407 193 1474 3.*
237 1409 612 1497 Epocha(741·1058).
633 1409 832 1476 Zacharias
849 1427 945 1476 anno
964 1409 1027 1475 741
1053 1409 1171 1476 Ponti·

60 1513 113 1578 fex
141 1515 391 1600 inauguratus,
417 1517 524 1600 Juxta
540 1519 758 1584 sententiam
777 1517 875 1601 apud
903 1518 1050 1582 criticos
1076 1535 1170 1582 oom-

60 1623 204 1689 muuiter
231 1630 431 1709 receptam,
460 1624 528 1690 fuit
559 1625 709 1710 primus,
745 1626 806 1710 qui
838 1626 917 1690 sine
950 1626 1026 1690 nlla
1056 1625 1171 1708 Impe-

60 1734 208 1797 ratorum
227 1733 503 1799 confirmatione
532 1734 642 1800 totius
669 1733 862 1799 Ecclesiae
894 1733 1172 1798 administratio·

60 1855 131 1904 uem
148 1841 319 1926 suscepit3
340 1845 410 1907 eta
426 1839 461 1907 S.
481 1841 661 1908 Zacharia
681 1842 915 1925 exploratum
933 1846 990 1907 est
1007 1844 1172 1906 caeteros

60 1944 226 2014 Romanos
243 1949 450 2032 Pontifices,
467 1949 527 2033 qui
546 1947 766 2016 Cathedram
798 1949 898 2014 Petri
926 1949 1171 2030 obtinuerunt,

61 2052 218 2134 injustam
234 2056 490 2142 impetrandae
508 2059 795 2124 confirmationis
832 2058 1047 2125 servitutem
1074 2056 1172 2140 peni-

62 2163 109 2226 tus
122 2163 301 2245 abjecere.

139 2269 191 2334 4.¹
236 2270 387 2356 Epooha
408 2271 639 2353 (1058-1899).
658 2272 737 2338 Hac
750 2276 934 2356 postrema
951 2275 1074 2338 aetate
1103 2272 1172 2336 for-

62 2391 111 2437 ma
127 2376 161 2441 iu
178 2377 348 2443 facienda
367 2379 546 2444 electione
564 2380 754 2446 Pontificia
782 2384 932 2446 servata
948 2381 1171 2458 immutatur;

62 2497 134 2546 uam
157 2483 328 2550 Nicotaus
363 2485 397 2550 II
415 2487 452 2551 in
470 2484 631 2552 Concilio
649 2486 890 2576 Lateranensi
918 2506 982 2552 seu
999 2487 1171 2568 Romane,

63 2591 111 2653 cui
126 2591 275 2658 adicere
299 2593 363 2658 113
379 2593 565 2677 Episcopi,
586 2592 841 2660 Cardinaiibus
870 2594 1060 2678 Episcopis
1073 2593 1173 2678 prio-

63 2697 218 2784 cipaliter,
236 2705 344 2784 prout
369 2703 500 2768 asserit
516 2701 550 2768 S.
570 2703 699 2767 Petrus
718 2701 919 2767 Damianus
939 2703 999 2783 (1),
1015 2705 1171 2783 potesta·

64 2809 124 2870 tem
148 2805 244 2872 dedit
288 2809 487 2878 Romanum
519 2809 732 2882 Pontificem
758 2810 929 2894 eligendi,
967 2810 1019 2874 sic
1051 2812 1173 2872 tamen

64 2915 94 2973 ut
108 2914 263 2998 reliquus
281 2913 407 2982 Clerus
426 2923 462 2982 et
479 2918 634 3001 populus
659 2919 705 2983 ad
731 2935 946 2984 consensum
964 2933 1083 2981 novae
1103 2914 1173 2980 ele-

64 3019 179 3086 ctionis
193 3022 400 3090 accederet.
419 3025 653 3090 Innocentius
667 3027 757 3090 vero
774 3025 810 3089 ΙΙ
828 3023 955 3108 (1130),
975 3027 1013 3089 ut
1031 3039 1173 3087 omnem

64 3125 222 3194 tumultus
241 3131 470 3197 occasionem
489 3139 709 3216 removeret,
729 3133 775 3197 ab
793 3132 972 3197 electione
989 3129 1173 3196 Pontificis

63 3228 224 3316 Populum
252 3237 452 3305 Romanum
471 3240 639 3322 exclusit
659 3245 695 3304 et
720 3239 864 3323 quidem
882 3239 1044 3307 Historia
1070 3237 1174 3302 nobis

64 3339 204 3406 testatur
221 3341 467 3410 Caelestinum
485 3344 520 3409 ΙΙ
540 3346 697 3410 electum
716 3364 760 3411 ao
785 3348 1037 3410 consecratum
1062 3343 1173 3406 fuisse

64 3443 130 3510 sine
156 3449 427 3517 interventione
445 3457 482 3518 et
501 3455 769 3519 acclamatione
789 3453 918 3536 piebis.
949 3451 1061 3516 Paulo
1091 3454 1175 3532 post

64 3548 258 3622 Alexander
274 3557 328 3623 III
341 3559 378 3623 in
397 3557 558 3624 Concilio
575 3559 815 3626 Lateranensi
846 3560 900 3624 ΙΙΙ
925 3556 1040 3641 (11791
1058 3557 1105 3621 ad
1122 3557 1173 3621 vi-

65 3661 161 3728 tanda
177 3665 213 3730 in
233 3668 418 3746 posterum
434 3667 632 3733 schismata
664 3667 775 3734 etiam
794 3667 938 3733 Clarum
963 3665 1173 3732 inferiorem

65 3769 208 3854 seclusit,
226 3773 313 3838 solis
331 3773 585 3841 Cardinaiibus
604 3777 820 3842 electionem
855 3773 1081 3839 Pontificiam
1111 3773 1171 3838 ad·

62 3871 227 3964 judicans,
247 3881 425 3966 simulque
443 3884 656 3966 decernens,
673 3890 710 3950 ut
726 3885 789 3949 ille
815 3885 952 3966 absque
975 3883 1168 3948 ullaexce·

65 3983 172 4060 ottone
184 3989 231 4054 ab
246 3989 444 4056 universali
457 3991 623 4058 Ecclesia
637 3991 819 4059 Romanus
837 3991 1005 4058 Pontifex
1018 3990 1170 4056 habere·

66 4173 234 4194 Ἢ

125 4347 159 4414 (1)
194 4347 256 4402 Lib.
269 4348 291 4416 1,
305 4351 388 4417 epist.
400 4351 433 4402 20
446 4347 484 4404 ad
498 4347 645 4404 (lodoicum
659 4347 835 4405 Pomermem
846 4349 1023 4420 Episcopum.
