3024 4994
809 399 989 458 -224-

340 547 473 610 testate
500 542 709 608 immediata
725 543 799 610 vim
813 547 991 610 armatam
1008 543 1165 609 habendi
1193 553 1229 610 et
1246 545 1448 611 exercendi:

342 649 521 733 ejusmodi
538 650 692 716 assertio
708 653 782 716 tum
799 667 846 716 ex
876 641 1031 733 ratione,
1059 655 1133 716 tum
1151 669 1197 716 en
1224 651 1375 718 historia
1394 671 1452 718 scu

340 759 437 823 facto
455 758 565 822 facile
580 759 795 824 ostenditur:
830 760 1039 840 estatinae,
1070 759 1237 842 equidem
1267 761 1327 842 jus
1360 765 1451 825 tuen·

341 865 376 930 di
393 865 560 948 populos,
579 865 861 948 libertatemque
886 866 1020 930 civium
1051 867 1307 950 propugnandi
1337 869 1452 932 certis·

340 971 429 1037 sime
448 976 588 1055 spectat
605 989 670 1054 per
689 989 728 1036 se
745 971 792 1036 ad
826 973 1080 1038 auctoritatem
1108 973 1268 1054 civilem;
1300 974 1364 1039 sed
1391 975 1451 1038 hac

341 1078 543 1161 deficiente,
565 1085 603 1142 ut
616 1079 652 1142 in
668 1083 764 1143 statu
779 1078 989 1162 marchiae,
1018 1081 1078 1146 vel
1095 1081 1303 1163 negligente
1321 1084 1383 1145 ant
1398 1081 1451 1144 im-

341 1190 502 1268 potente,
522 1190 560 1251 ut
575 1187 612 1250 in
630 1185 867 1251 dissolutione
882 1186 1031 1269 Imperii
1057 1187 1221 1270 Romani,
1240 1205 1321 1252 eum
1346 1187 1451 1270 Impe-

341 1297 483 1358 ratores
498 1289 890 1376 Oonstantinopolitani
906 1293 1039 1376 partim
1057 1311 1103 1358 ex
1124 1295 1362 1377 negligentia,
1378 1313 1451 1377 par·

341 1399 405 1464 tim
429 1416 474 1463 ex
491 1399 707 1482 impotentia
727 1416 800 1464 non
818 1398 1063 1464 defendebant
1080 1402 1233 1484 populos
1254 1399 1452 1468 Occidentis

342 1503 623 1570 aBarbarorum
641 1506 905 1588 invasionibus,
924 1505 1103 1591 Ecclesia,
1122 1526 1216 1592 quae
1233 1511 1289 1573 est
1304 1509 1452 1572 societas

341 1613 541 1698 spiritualis
559 1618 596 1678 et
608 1613 897 1696 supernaturalis
912 1631 1031 1697 capax
1041 1615 1174 1696 jurium
1191 1617 1450 1699 temporalium,

341 1720 487 1802 supplet
503 1719 586 1784 huic
603 1719 843 1801 deficientias,
878 1720 1125 1803 negligentiae
1148 1721 1208 1787 vel
1225 1721 1452 1806 impotentiae

343 1827 573 1891 auctoritatis
590 1827 724 1908 civilis,
744 1831 780 1892 et
797 1831 882 1891 tunc
899 1826 946 1892 ad
977 1845 1058 1892 cam
1074 1829 1205 1893 transit
1221 1829 1282 1895 vel
1299 1829 1452 1894 devolvi·

342 1939 400 1998 tur
417 1938 580 2016 potestas
599 1933 764 2017 publica,
782 1938 892 2017 atque
908 1935 944 1999 in
961 1935 1030 1999 boc
1042 1937 1140 2000 statu
1155 1937 1335 2002 anormali
1350 1936 1452 2001 socie·

342 2039 427 2104 tatis
441 2041 500 2122 Jus
517 2044 681 2104 armatae
696 2040 917 2106 defensionis
931 2059 996 2125 per
1010 2059 1049 2107 se
1065 2042 1182 2125 ipsam
1210 2060 1384 2108 exercere
1400 2061 1451 2125 po·

342 2152 413 2214 test
430 2154 504 2214 tum
534 2148 713 2214 adversus
747 2153 917 2214 externos
950 2150 1084 2232 hostes,
1105 2153 1178 2214 tum
1202 2150 1378 2216 adversus
1408 2151 1451 2214 in-

342 2263 477 2337 ternos3
512 2255 645 2320 etenim
676 2255 780 2338 plebs
804 2255 1004 2320 christiana
1036 2256 1222 2322 constituit
1249 2257 1451 2322 societatem

342 2363 552 2444 humanam,
573 2361 695 2445 inqua
713 2367 768 2427 est
781 2363 841 2444 jus
857 2361 1078 2428 defensionis
1094 2380 1139 2428 ac
1157 2364 1449 2430 conservationis:

343 2487 389 2534 ex
406 2470 551 2536 historia
570 2487 663 2552 quae
681 2471 785 2535 nobis
803 2469 1041 2535 invictissime
1058 2470 1236 2553 patefacit
1250 2471 1320 2538 hoc
1329 2473 1387 2554 jus
1402 2470 1451 2534 do·

343 2578 546 2645 volutivum
563 2578 699 2661 pluries
716 2577 924 2642 exercuisse
941 2595 1013 2642 non
1032 2575 1135 2641 modo
1161 2577 1362 2660 Episcopus
1390 2593 1451 2641 me·

343 2685 402 2751 dio
422 2702 528 2768 aevo,
542 2685 741 2750 accedente
757 2685 974 2766 populorum
989 2701 1181 2767 consensu,
1196 2702 1335 2750 summa
1356 2700 1450 2750 vene·

343 2793 485 2859 ratione
512 2797 621 2877 atque
654 2791 793 2858 lubenti
822 2797 1002 2875 gratoque
1021 2791 1140 2856 auimo
1168 2809 1314 2875 semper
1340 2808 1452 2875 prose·

344 2901 528 2983 quentium
558 2917 695 2979 omnes,
714 2898 828 2981 quiin
847 2899 987 2980 magnis
1004 2897 1175 2980 periculis
1200 2898 1275 2963 suis
1292 2899 1453 2980 legitimis

341 3007 482 3089 juribus
496 3006 726 3072 vindicandis
739 3011 776 3071 et
788 3023 901 3070 veras
915 3005 1075 3070 libertati
1091 3004 1264 3070 tutandae
1279 3009 1391 3070 totam
1402 3023 1452 3068 cn·

344 3131 423 3178 ram
455 3113 679 3197 impendunt;
700 3132 826 3180 verum
856 3114 966 3178 etiam
999 3112 1161 3178 Summos
1177 3112 1371 3178 Pontifices
1400 3112 1453 3195 qui

345 3221 390 3293 ob
405 3220 645 3287 defectionem
663 3223 724 3288 vel
741 3221 917 3286 incuriam
942 3221 1208 3304 Imperatorum
1222 3218 1452 3287 Orientalium

345 3327 453 3400 Urbis
471 3327 716 3393 defensionem
736 3329 961 3411 aliarumque
974 3329 1164 3393 civitatum
1177 3329 1329 3393 tutelam
1345 3343 1453 3394 susce·

345 3442 488 3519 parunt,
508 3435 807 3518 acclamantibus,
838 3435 1044 3518 petentibus
1065 3439 1102 3500 et
1126 3435 1452 3519 obtemperantibus

345 3543 501 3627 populis,
520 3543 615 3608 unde
632 3547 748 3608 ortum
766 3542 892 3607 habuit
919 3542 1146 3626 principatus
1164 3543 1284 3609 civilia
1316 3542 1452 3626 Episco-

345 3669 392 3734 po
419 3649 566 3733 Romae,
595 3648 693 3715 Petri
725 3647 946 3732 Successori,
966 3647 1102 3714 Divina
1120 3649 1355 3716 Providentia
1384 3648 1451 3712 vin-

348 3757 502 3822 calatus.
