3146 4980
644 401 822 462 -431-

161 565 245 614 non
262 547 393 612 desunt
407 545 520 629 aliqui
532 545 580 631 (l)
594 546 655 629 qui
667 545 885 611 sententiam
900 545 1121 612 contrariam
1136 549 1297 611 tuentur.

261 654 433 718 Attamen
451 654 488 716 in
506 658 659 734 utraque
678 653 847 734 opinione
864 655 971 719 salva
987 659 1157 735 tectaque
1172 667 1297 716 serva·

167 764 231 826 tur
258 759 483 842 suprematia
511 758 739 824 auctoritatis
769 761 999 843 primatialis,
1026 761 1161 842 quippe
1190 775 1296 824 nemo

166 867 306 949 estqui
337 866 477 930 dubitet
500 868 718 947 potestatem
739 865 1016 946 jnrisdictionis‚
1036 883 1108 949 qua
1125 864 1297 948 Episcopi

161 970 346 1036 divinitus
373 971 541 1036 instructi
568 978 664 1051 sunt,
683 970 826 1036 Summo
856 971 1045 1037 Ecclesiae
1062 971 1210 1036 Primati
1244 969 1298 1035 ita

162 1077 363 1142 excudam
392 1076 518 1142 divina
545 1077 783 1160 dispositione
800 1079 943 1160 subjici,
963 1083 1002 1142 ut
1018 1078 1079 1142 ille
1097 1078 1212 1160 possit
1229 1093 1296 1158 pro

169 1181 361 1248 Ecclesiae
389 1183 483 1247 bono
511 1183 589 1265 ejus
619 1184 834 1248 exercitium
863 1183 1057 1261 moderari,
1084 1183 1296 1248 imminuere

166 1290 362 1354 autetiam
390 1290 536 1354 omniuo
554 1290 696 1371 tollere;
716 1295 755 1354 ut
771 1291 867 1356 enim
895 1291 1062 1374 apposite
1088 1289 1135 1353 ad
1151 1307 1228 1353 rem
1246 1289 1298 1354 ait

161 1393 391 1460 Benedictus
409 1395 507 1460 XIV:
529 1395 812 1479 “Episcoporum
827 1397 1045 1478 jurisdictio,
1063 1397 1142 1460 sive
1170 1397 1216 1460 sit
1233 1394 1295 1460 im·

169 1502 330 1567 mediate
355 1521 377 1566 a
394 1501 550 1582 Christo,
570 1503 650 1566 sive
678 1521 701 1566 a
718 1501 862 1568 Summo
877 1502 1064 1582 Pontifice,
1084 1503 1135 1566 ita
1152 1517 1296 1582 semper

162 1606 255 1672 huic
283 1609 407 1673 subest
437 1614 474 1673 ut
504 1611 790 1674 consentientibus
819 1611 974 1675 omnibns
1002 1609 1187 1688 catholicin,
1217 1607 1296 1690 ejus

162 1715 393 1780 auctoritate
413 1720 449 1779 et
465 1714 617 1796 imperio
647 1715 797 1778 limitari
815 1721 924 1798 atque
942 1732 987 1779 ex
1004 1714 1167 1796 legitima
1185 1731 1297 1778 causa

164 1822 317 1887 omnino
336 1821 474 1886 auferri
487 1821 627 1905 possit„
654 1821 713 1901 (2).

261 1927 339 1992 277.
391 1928 563 1993 Traditio.
580 1927 764 2009 Perpetua
776 1927 964 1992 Ecclesiae
981 1927 1106 2010 praxis
1120 1930 1156 1990 et
1168 1941 1296 1990 sensus

167 2035 393 2100 universalis
412 2036 522 2100 totius
541 2035 771 2116 antiquitatis
785 2035 1008 2099 christianae
1035 2034 1296 2116 Episcopatum

167 2141 275 2206 uobis
292 2141 466 2205 exhibent
479 2146 662 2224 tamquam
682 2139 836 2222 gradum
853 2139 1119 2205 hierarchicum
1148 2137 1295 2201 divinae

168 2246 421 2326 institutionis,
441 2251 623 2329 potestate
641 2248 827 2312 ordinaria
844 2249 1072 2329 instructum,
1087 2253 1124 2310 et
1142 2265 1164 2308 a
1175 2244 1294 2327 pristi-

167 2370 220 2416 -na
236 2353 424 2434 religionis
441 2357 564 2417 aetate
581 2353 628 2417 ad
644 2371 710 2418 nos
729 2371 841 2437 usque
858 2354 1069 2418 necessaria
1096 2352 1293 2435 participa·

168 2460 271 2523 tione
289 2469 398 2544 atquc
416 2459 592 2542 pastorali
610 2460 853 2525 sollicitudine
879 2478 945 2543 pro
974 2461 1143 2542 portione
1173 2458 1295 2540 gregis

169 2566 334 2648 regenda
351 2566 538 2630 donatum.
553 2565 607 2629 Eu
626 2567 800 2630 nonnulla
818 2567 1038 2649 testimonia,
1053 2583 1148 2648 quae
1162 2566 1294 2629 verita-

170 2677 245 2736 tem
262 2681 410 2736 nostrae
428 2673 639 2738 assertionis
654 2674 763 2756 plane
782 2675 989 2738 conficiunt.

280 2777 331 2844 1.⁰
377 2779 547 2861 Apostoli
560 2779 744 2844 Ecclesiae
762 2782 857 2865 apud
875 2801 1148 2864 unamquamque
1176 2781 1295 2844 civito·

164 2894 237 2952 tem
265 2887 506 2967 condiderant,
540 2897 579 2952 ut
611 2889 662 2951 ait
690 2887 935 2953 Tertullianus
952 2890 1012 2970 (3),
1031 2894 1068 2952 et
1085 2889 1122 2952 in
1148 2886 1295 2970 ninpulis

165 2991 339 3059 *Ecclesia
363 2993 557 3078 Episcopoa
588 2996 849 3072 constituerant,
884 2995 945 3076 qui
977 2996 1076 3076 ipsas
1108 2997 1291 3074 regerent:

169 3097 255 3164 hinc
273 3098 308 3163 S.
328 3097 533 3181 Cyprianus
562 3107 690 3183 aperte
722 3101 883 3165 tradidit:
913 3100 1068 3185 Sinpaiia
1091 3100 1295 3165 Pastoribna

160 3207 285 3290 portio
300 3207 414 3290 propia
433 3207 505 3291 fnit
529 3207 720 3291 adscripta,
754 3229 855 3291 pacm
883 3215 982 3294 rapot
1004 3209 1236 3292 unnsquisque
1264 3212 1295 3271 ct

163 3311 332 3395 pubernet
348 3311 408 3392 (4).

261 3415 313 3479 2.⁰
361 3414 495 3482 Omnes
513 3417 549 3480 et
561 3416 693 3498 singuli
710 3415 880 3500 Episcopi
895 3419 1083 3502 possident
1095 3420 1131 3483 in
1143 3417 1295 3482 solidum

170 3528 315 3604 partem
346 3524 449 3586 unius
481 3523 715 3604 ejusdemque
750 3525 994 3607 episcopatus,
1021 3526 1127 3606 juxta
1171 3525 1294 3588 tritum

170 3629 402 3712 praelaudati
416 3629 449 3694 S.
463 3629 635 3712 Martyris
653 3629 952 3714 carthaginensis
971 3633 1134 3698 effatum:
1151 3632 1293 3716 Episco-

157 3745 275 3822 patus
290 3757 380 3800 anna
392 3744 452 3818 cat,
466 3738 565 3823 cnjus
583 3758 604 3801 a
621 3737 769 3823 sinpniis
783 3751 822 3802 111
851 3751 1021 3804 conruunt
1044 3759 1133 3824 pars
1162 3745 1295 3803 tenetur

170 3885 333 3895 -ο-υ--ι-

192 4080 199 4094 .
242 4011 278 4074 (ll
315 4005 427 4060 Dahae
446 4010 613 4074 quaestione
625 4009 683 4062 vid.
696 4025 756 4077 cap.
770 4009 807 4075 11,
821 4015 872 4065 art.
887 4011 924 4079 X,
937 4010 986 4064 ubi
1005 4027 1050 4065 res
1063 4015 1123 4065 tota
1141 4014 1198 4065 late
1211 4027 1297 4082 expo·

166 4085 282 4216 murra)
319 4147 441 4218 necyn.
455 4147 558 4219 orara,
572 4149 621 4204 uo.
636 4151 698 4218 vir,
711 4167 773 4219 ap.
786 4154 811 4220 s,
824 4169 852 4208 n.
866 4154 890 4206 r.

243 4221 282 4290 (1)
319 4220 365 4274 Dc
373 4223 537 4288 mccscnpt.
550 4219 609 4275 adv.
622 4221 723 4277 horrca.
736 4239 796 4290 cap.
811 4225 854 4276 20.

243 4295 285 4362 μ)
323 4293 603 4359 appareamus.
