3120 4988
556 443 716 501 „51-

96 585 150 650 bus
165 586 206 650 ad
224 587 331 652 linem
349 587 649 670 ecclesiasticum,
670 587 738 651 hoc
756 591 823 669 est,
839 587 884 651 ad
903 593 1087 654 aeternam
1104 588 1198 652 salu·

97 699 154 760 tem
168 695 394 760 extrinsecus
412 694 621 777 dirigendis,
651 696 781 759 iterum
806 695 903 761 dict:
915 695 1065 760 libertas
1083 713 1105 758 a
1118 713 1199 760 coa-

95 802 198 866 ctione
215 803 322 867 salva
336 819 417 867 esse
434 801 541 866 debet
555 819 621 884 pro
634 801 840 866 infidelibus
858 801 904 866 ad
922 801 1123 866 Ecclesiam
1139 820 1200 867 vo·

96 909 218 990 caudis,
236 930 346 992 conc.,·
359 926 424 991 pro
442 909 651 991 baptizatis,
671 909 731 992 qui
749 907 937 974 Ecclesiae
954 926 1065 973 curae
1079 926 1122 972 ac
1139 927 1199 992 po·

95 1009 203 1080 testati
220 1015 344 1080 traditi
361 1020 456 1100 sunt,
478 1022 516 1079 ut
532 1033 682 1080 munere
708 1015 883 1098 pascendi
914 1016 984 1080 sibi
1011 1034 1033 1080 a
1058 1015 1200 1081 Christo

96 1123 241 1204 injuncto
259 1123 331 1186 rite
354 1123 541 1205 iungatur,
561 1122 644 1186 illos
661 1123 876 1208 corripeudo,
901 1127 1132 1205 depereant,
1156 1122 1200 1187 si-

95 1231 224 1312 mulque
240 1229 433 1311 coercendo,
451 1247 497 1294 ue
515 1229 605 1294 alios
623 1229 817 1310 perimant,
835 1251 931 1315 cepo.

170 1334 307 1418 Object.
328 1335 379 1401 1.¹¹
404 1343 532 1400 contra
564 1336 819 1418 probationem
842 1337 1054 1402 historicam.
1088 1336 1201 1402 Juxta

94 1443 348 1527 sacraeloquia
379 1443 546 1508 Ecclesia
569 1445 726 1512 tenetur:
763 1444 814 1508 1.⁰
845 1444 1107 1526 temporalibus
1141 1445 1201 1508 vel

96 1550 328 1616 saecularibus
347 1551 701 1617 abstinere-Nemo
715 1552 871 1616 militaus
884 1551 959 1616 Deo
977 1551 1135 1637 implicat
1165 1573 1201 1617 oe

97 1661 223 1743 repotiis
235 1659 485 1742 saecularibus,
500 1665 538 1724 ut
555 1659 736 1744 eiplaccat
753 1663 809 1724 cui
822 1679 856 1724 ae
865 1660 1043 1744 probavit.
1062 1660 1153 1724 Nam
1170 1667 1202 1724 et

94 1769 143 1848 qui
160 1774 261 1833 certat
278 1767 314 1832 iu
332 1788 438 1853 ayone
457 1788 525 1832 roou
539 1767 760 1832 coronabitur
775 1768 842 1832 uisi
873 1766 1022 1852 lopito'me
1053 1773 1202 1832 certaue-

95 1876 132 1940 rit
150 1875 205 1957 (1);
222 1875 274 1938 2⁰
287 1875 334 1939 ab
354 1875 450 1940 omui
467 1875 655 1940 dominatu
673 1874 1038 1960 abhorrere-Rapa
1050 1876 1201 1961 pontium

97 1981 302 2047 dominantur
316 2003 444 2048 eorum:
456 1989 488 2048 et
501 1984 559 2067 qut
567 1989 775 2068 potestatem
788 1982 912 2047 babeat
924 1983 1015 2046 iuter
1027 2003 1093 2064 cos,
1107 1983 1201 2048 beno-

93 2089 140 2173 fict'
154 2097 327 2155 cocuntur.
339 2089 405 2155 Vos
421 2096 535 2155 autam
547 2111 615 2155 aon
632 2090 695 2153 sic:
711 2089 771 2153 aad
786 2089 844 2172 qui
861 2089 973 2175 major
987 2095 1035 2153 eat
1047 2089 1085 2152 irc
1096 2089 1200 2170 vobis,

95 2197 145 2280 fiat
157 2198 241 2262 sicut
249 2199 372 2263 minor:
380 2205 411 2262 et
420 2198 478 2281 qui
481 2217 689 2282 praecessor
702 2203 761 2278 cat,
772 2197 861 2260 sicut
870 2196 1099 2260 ministrator.
1111 2193 1203 2258 Nom

97 2303 159 2384 quic
170 2307 281 2392 major
292 2313 354 2385 eat,
371 2305 430 2388 qui
443 2304 618 2386 recumbit,
633 2325 679 2370 aa
692 2304 750 2388 qui
765 2303 986 2367 ricioiatrott..
1001 2299 1074 2386 Epo
1088 2307 1201 2366 autem
1252 2292 1260 2307 '

98 2409 124 2472 la
136 2410 237 2476 medio
249 2417 399 2478 oestrum
412 2433 498 2494 auor,
511 2413 600 2477 sicut
617 2412 675 2496 qui
689 2411 868 2475 ministrat
881 2408 941 2493 (2);
957 2407 1008 2472 3?
1026 2406 1200 2472 adhibere

96 2533 149 2596 per
163 2535 243 2581 suos
261 2517 495 2599 magistratus
523 2516 643 2583 media
674 2521 815 2580 tantum
845 2515 1006 2596 suasiva,
1033 2513 1199 2579 exhorta·

98 2621 209 2706 tiones,
236 2625 433 2708 lacrymas,
464 2624 692 2708 patientiam,
725 2622 1017 2688 ete-Praedicta
1049 2623 1202 2701 oerbum;

98 2729 172 2796 insta
190 2739 390 2817 opportune,
410 2733 640 2816 impert-uam..
660 2733 803 2814 increpo
820 2732 857 2795 iro
876 2730 968 2795 omui
977 2729 1154 2814 patientia
1171 2736 1202 2793 ct

98 2836 330 2906 doctrino...Tu
344 2861 423 2904 vcro
435 2839 556 2926 oipilu,
572 2841 609 2904 io
623 2839 777 2904 omnibus
787 2838 953 2920 laborm...
971 2837 1202 2900 mirataterium

100 2949 177 3011 tuum
188 2949 302 3032 imple.
318 2945 462 3014 Sobrius
475 2955 544 3013 esto
570 2947 631 3029 (3);
661 2945 712 3010 4.⁰
745 2947 966 3028 potestatem
999 2942 1201 3027 punitivum

100 3065 157 3116 nou
172 3071 343 3118 exercere
361 3055 397 3118 in
433 3071 494 3118 eos
513 3053 573 3136 qui
586 3053 657 3137 ipsi
687 3049 1201 3133 adversantur—Quicumque

102 3179 153 3224 ooo
167 3165 330 3247 receperit
343 3183 412 3242 vos,
430 3183 535 3246 aequo
552 3161 707 3227 audierit
725 3180 897 3226 sermones
915 3165 1056 3223 uestros:
1080 3178 1202 3223 cucun-

101 3272 138 3330 lro
149 3269 243 3352 sorus
257 3271 297 3335 de
311 3271 420 3351 domo,
432 3270 484 3334 vel
498 3270 646 3350 civitate,
664 3269 811 3332 concutite
817 3267 996 3352 pulverem
1005 3265 1046 3330 de
1053 3265 1202 3350 pedibus

102 3375 215 3438 reatris.
232 3373 340 3440 Amen
358 3375 435 3439 dico
453 3375 558 3439 vobis:
573 3374 806 3439 Tolerabilius
822 3373 888 3438 erit
916 3377 1029 3436 terrae
1041 3369 1201 3435 Sodomo-

101 3496 163 3542 rum
188 3489 217 3546 ct
245 3481 556 3549 Gornorraeborum
583 3483 620 3547 iu
644 3481 699 3547 die
717 3478 1056 3568 attemptentur·
1083 3476 1202 3541 ciuita-

103 3583 186 3670 η’(4).

174 3691 239 3758 Sed
256 3695 427 3777 societas,
447 3713 540 3779 quae
569 3695 677 3760 rebus
711 3692 972 3777 temporalibus
989 3694 1025 3755 et
1042 3690 1202 3756 externis

103 3812 161 3862 nou
177 3802 295 3886 utitur,
316 3805 414 3869 omni
431 3805 617 3870 dominatu
634 3803 696 3869 vel
713 3803 865 3886 imperio
880 3800 1097 3883 destituitur,
1131 3817 1202 3863 me·

108 3985 266 4001 -ffl

161 4151 194 4215 (1)
227 4151 341 4206 Paulli
354 4151 391 4206 ad
407 4151 476 4207 Tim.
491 4169 550 4217 cap.
565 4153 601 4214 ΙΙ,
616 4169 660 4207 vv.
672 4153 689 4205 4
702 4159 731 4206 et
746 4157 771 4205 5.
866 4203 876 4228 ι

162 4225 195 4286 tt)
230 4225 295 4277 Luc.
309 4241 370 4292 cap.
383 4225 479 4290 XXII,
493 4241 538 4278 vv.
552 4228 586 4276 25
599 4229 628 4277 et
641 4224 683 4278 26.

162 4294 196 4356 (8)
230 4295 308 4350 Paul.
322 4295 348 4348 ll
361 4295 399 4348 ad
409 4293 477 4349 Tim.
490 4312 552 4362 cap.
565 4297 617 4361 lv,
631 4313 676 4349 vv.
691 4298 745 4348 tet
758 4295 783 4350 5.

160 4363 195 4430 (⁴)
228 4365 331 4422 blatth.
346 4383 406 4435 cap.
420 4368 457 4436 X,
470 4383 514 4420 vv.
532 4372 563 4420 lt
577 4373 604 4421 cl
617 4369 657 4420 ld.
