3034 4990
536 381 715 444 -311-

86 523 270 609 pretatione
288 526 435 595 deducti
452 528 644 596 hodiedum
672 515 742 595 huc
774 533 810 596 et
840 529 927 595 11166
955 534 1184 614 grassantur,

85 634 276 716 confutatis,
296 635 551 719 inquirendum
569 637 673 702 modo
705 637 808 702 66611
836 655 993 720 quonam
1024 656 1132 703 sensu
1150 641 1188 702 61

86 759 142 822 666
157 743 366 807 extensione
385 743 552 808 absoluta
579 743 862 826 independentia
891 742 1057 808 Ecclesia
1089 745 1186 809 frua-

84 849 176 912 turin
191 850 299 914 rebus
317 867 405 914 suae
422 850 634 917 exclusivae
651 850 929 935 competentiae.

157 955 332 1021 Dicuntur
349 961 471 1022 autern
484 975 542 1022 res
557 959 768 1032 exclusivao
783 958 1048 1042 competentiae
1063 955 1186 1024 Eccle-

84 1060 145 1126 siae
160 1079 202 1128 ea
215 1064 337 1128 omnia
355 1083 449 1147 quae
466 1066 646 1130 communi
664 1065 957 1131 denominatione
983 1067 1188 1152 spiritualia

85 1175 256 1252 66666166,
275 1171 354 1237 6166
372 1170 549 1254 ejusmodi
581 1173 832 1238 characterem
864 1171 1018 1237 induant
1039 1175 1187 1257 proprie

86 1278 134 1339 661
147 1280 273 1360 666616
285 1285 414 1344 catara
431 1279 493 1344 661
509 1280 700 1365 improprie
713 1297 778 1344 666
806 1279 948 1344 ratione
981 1284 1186 1364 supernatu-

85 1381 295 1466 rciizotiorria;
314 1385 394 1450 6166
406 1384 501 1449 hano
519 1385 732 1467 dignitatem
746 1385 935 1450 obtineant
964 1385 1092 1450 directe
1105 1401 1186 1466 pro·

85 1491 149 1568 pter
163 1488 408 1556 immediatam
439 1493 742 1578 sanctificationem
759 1492 819 1557 vel
852 1493 1019 1557 indirecte
1044 1490 1090 1556 ob
1115 1489 1187 1572 pri-

85 1595 216 1660 mariam
250 1601 359 1680 61666
391 1597 628 1682 praecipuam
672 1598 874 1664 relationem
903 1597 951 1662 ad
997 1600 1187 1662 externum

85 1697 252 1768 Ecclesiae
284 1705 447 1786 regimen
465 1710 502 1769 et
518 1704 695 1788 politiam3
714 1705 793 1770 sive
812 1703 953 1770 demum
986 1704 1096 1768 talem
1126 1719 1184 1767 ex·

85 1807 272 1875 cellantiam
286 1811 547 1894 sublimemque
564 1811 808 1877 conditionem
836 1814 977 1876 tanturn
1004 1810 1188 1892 attingant

84 1915 558 2004 6161616661611661166116616,
577 1937 671 2003 quae
689 1936 747 1984 666
781 1917 1001 2002 temporales
1019 1917 1187 2001 spiritua·

83 2021 162 2088 11166
172 2024 346 2108 adnexas,
364 2026 532 2110 61166166
566 2026 834 2109 conjunctionis
851 2025 912 2092 vel
937 2025 1186 2108 connexionis,

83 2128 122 2192 ad
133 2131 287 2196 ordinem
304 2131 531 2215 spiritualem
547 2134 672 2199 evehit
688 2138 796 2216 atque
812 2133 849 2197 in
876 2132 992 2215 gradu
1009 2129 1188 2196 nobilissi·

82 2239 295 2322 moetlonge
308 2238 563 2305 excellentiori
588 2240 777 2305 constituit
796 2241 853 2321 (l).

158 2343 232 2408 194.
280 2344 364 2410 Jam
382 2363 482 2428 vero,
502 2345 817 2412 advindicandam
835 2345 1024 2411 Ecclesiae
1041 2346 1188 2430 plenam

81 2455 112 2512 61
123 2451 318 2516 absolutam
336 2471 358 2516 a
374 2451 477 2518 Statu
491 2454 812 2537 independentiam
829 2454 866 2518 in
881 2453 1007 2519 ordine
1021 2454 1188 2537 spiritua·

81 2556 112 2637 li,
128 2557 160 2622 id
176 2566 242 2642 est,
260 2561 298 2623 in
317 2560 481 2625 omnibus
499 2579 593 2644 6666
610 2561 656 2626 ad
681 2563 759 2643 ejus
783 2562 891 2626 finem
918 2565 955 2626 et
972 2560 1091 2625 media
1108 2578 1187 2643 spe-

81 2668 179 2747 ctant,
198 2683 278 2731 oum
294 2667 364 2732 hac
395 2667 439 2732 de
462 2685 501 2732 66
533 2668 743 2751 perabunde
762 2668 1082 2751 pertractavimus,
1108 2667 1189 2732 heic

79 2778 261 2854 suppetunt
287 2774 495 2839 levissimae
526 2775 788 2840 insinuationes
807 2791 853 2838 ex
870 2774 985 2838 666616
1020 2773 1186 2856 eloquiis,

80 2879 248 2945 catholica
266 2880 462 2946 traditione
478 2881 607 2964 etipsa
625 2884 766 2947 6611666
781 2884 959 2964 sumptae.

155 2987 265 3054 Socra
276 2987 474 3073 Scriptura.
494 2987 548 3054 Ex
565 2989 707 3055 Divinis
725 2989 873 3054 Litteris
907 2988 1088 3072 triplicem
1106 3005 1187 3070 pro·

79 3089 248 3159 hattonem
262 3113 328 3178 pro
342 3100 465 3160 nostra
480 3097 572 3160 thesi
585 3097 737 3162 innuere
749 3097 867 3179 jubat:
885 3095 1090 3160 l.⁰Rcddite
1103 3116 1189 3179 6666

78 3211 147 3266 eant
178 3202 337 3270 06666616
371 3203 522 3286 Caesari,
538 3213 569 3270 61
584 3225 670 3289 quae
696 3204 1028 3286 instantiamea
1061 3205 1188 3286 quibus

80 3309 188 3374 verbis
206 3309 369 3376 Christus
383 3311 557 3376 Dominus
572 3311 838 3376 distinctionem
853 3312 1044 3395 potestatis
1071 3309 1189 3376 6161116

79 3421 111 3478 st
121 3419 309 3501 religiosae
327 3437 500 3502 expresse
518 3423 657 3501 statuit,
677 3419 857 3501 simulque
886 3419 1005 3500 docet,
1026 3418 1190 3482 declarat

80 3537 117 3586 ac
132 3527 320 3609 praecipit,
351 3531 389 3590 ut
400 3545 459 3592 res
472 3527 644 3609 politicae
659 3544 829 3609 mareque
847 3525 1071 3608 temporales
1089 3525 1188 3589 Prin-

79 3630 206 3712 cipibus
230 3634 291 3698 661
308 3631 462 3699 Summis
479 3633 749 3717 Imperantibus
767 3633 1034 3715 adjudicentur,
1064 3636 1188 3715 utpote

80 3751 157 3802 suae
169 3741 411 3821 jurisdictioni
437 3745 685 3825 competentes
705 3745 805 3826 (qaae
822 3748 904 3806 sunt
930 3738 1090 3807 06666616
1110 3738 1189 3806 Oce·

80 3850 168 3930 sori),
182 3851 241 3916 illa
256 3867 345 3915 vero
360 3869 453 3934 6666
467 3850 638 3932 religiosa
652 3855 689 3914 et
702 3867 789 3916 vere
803 3849 1011 3932 spiritualia
1024 3847 1190 3931 audiunt,

81 3998 250 4018 Ἣ·-

81 4213 120 4262 at
141 4143 179 4268 lxi}
209 4144 253 4198 De
262 4145 430 4198 definitione
440 4149 468 4198 et
480 4145 621 4199 divisione
630 4159 724 4198 rernm
745 4145 936 4213 spiritualium
960 4159 1038 4199 cona.
1068 4157 1129 4210 666.
1156 4141 1184 4194 Il

97 4224 128 4264 1.
180 4253 186 4268 .

145 4285 177 4354 (t)
212 4289 313 4342 blatth.
327 4303 388 4356 666.
401 4289 467 4355 XX,
481 4305 506 4343 6.
519 4291 561 4344 21.
