3034 4990
512 431 729 493 -eoe-·

63 597 183 662 cumque
195 591 520 644 JURISDIOTIONEM
536 578 689 644 excludit
701 580 795 644 circu
812 580 995 646 materiam
1007 600 1067 646 eeu
1080 579 1167 666 objc-

62 691 136 750 ctum
150 685 324 751 societatis
343 693 521 770 protectae
538 685 767 768 (Ecclesiae):
787 685 881 752 unde
906 686 1089 770 colligitur
1106 703 1167 750 au·

62 791 203 856 ctoritati
219 792 427 875 protegenti
442 793 588 858 minime
605 798 812 875 competere
830 797 1049 876 potestatem
1066 792 1167 875 leges

60 897 317 995 insacietatem
340 904 544 982 protectam
574 899 728 981 terendi,
756 900 971 983 abrogandi,
989 900 1166 982 interpre-

61 1004 155 1086 tandi,
175 1005 397 1089 applicandi,
413 1012 477 1071 aut
488 1007 652 1091 ipsarum
669 1008 951 1090 applicationem
969 1005 1165 1090 impedien-

60 1115 98 1196 di,
115 1115 177 1180 sed
207 1105 350 1182 tantum
374 1119 493 1184 inesse
518 1118 577 1200 jus
605 1117 729 1182 tuendi
746 1117 951 1183 libertatem
981 1115 1169 1183 societatis

60 1226 234 1304 protectae
264 1223 311 1287 ad
343 1223 568 1308 condendas,
587 1224 894 1308 interpretandas,
914 1222 1168 1307 applicandas·

60 1331 117 1395 (lue
131 1349 215 1396 suas
232 1332 347 1414 leges3
370 1332 504 1397 etenim
522 1333 702 1416 protectio
719 1332 966 1398 ministerialis
994 1350 1071 1398 rem
1087 1350 1169 1414 pro·

60 1442 180 1502 tectam
196 1439 372 1521 supponit
391 1441 469 1520 J'am
498 1439 728 1522 existentem,
748 1441 910 1523 perfecte
935 1439 1170 1504 constitutam

60 1547 88 1606 et
102 1544 213 1610 libers
230 1549 458 1629 operantem,
478 1551 514 1611 ot
530 1547 646 1612 solum
664 1547 854 1612 intendere
870 1545 978 1611 debet
990 1547 1068 1628 eJus
1087 1564 1168 1611 con·

58 1652 244 1717 servatioui
261 1656 389 1718 contra
413 1672 488 1736 eoa,
508 1655 569 1738 qui
585 1654 785 1736 legitimam
803 1654 1035 1720 existentiam
1052 1655 1163 1738 impe·

58 1763 123 1822 tore
134 1760 194 1826 vel
206 1761 396 1842 propriam
409 1761 618 1826 libertatem
635 1761 783 1826 laedere
797 1761 942 1826 audent.

133 1865 184 1930 2?
228 1867 401 1934 Protectio
428 1868 603 1934 societatis
626 1869 837 1953 protegentis
867 1889 963 1934 omne
985 1879 1170 1934 JUDIGIUM

59 1973 251 2040 excluditote
267 1975 383 2039 causis
400 1975 452 2040 ool
470 1976 614 2060 repotiis
631 1976 805 2041 societatis
818 1981 1008 2060 protectae,
1022 1976 1069 2040 ud
1085 1995 1171 2060 qaue

59 2082 478 2168 rmeqoeudoimplorutur
488 2083 674 2148 uomitum:
684 2083 777 2147 ratio
788 2082 893 2164 hujus
904 2082 1053 2165 regulae
1062 2083 1172 2147 obvia

60 2191 116 2266 est3
135 2189 342 2253 sicutenim
360 2189 517 2253 societas
535 2193 716 2272 protecta,
731 2190 872 2272 quoties
891 2189 1010 2272 agitur
1027 2189 1072 2252 de
1090 2207 1171 2272 pro-

60 2297 204 2361 tectione
221 2297 466 2378 ministeriali,
484 2298 567 2379 jure
585 2298 732 2379 proprio
762 2303 798 2361 et
828 2296 1017 2361 exclusivo
1035 2296 1172 2378 potitur

60 2401 149 2484 leges
178 2402 334 2486 ferendi,
365 2403 633 2486 interpretandi
663 2409 699 2468 et
727 2403 950 2488 applicandi,
980 2403 1032 2468 ita
1062 2403 1171 2468 etiam

61 2507 120 2589 ipsi
146 2510 327 2592 integrum
355 2516 410 2575 est
427 2511 527 2593 leges
545 2529 566 2574 a
583 2529 622 2575 se
640 2510 806 2576 conditas
833 2510 1059 2576 exsecutioni
1073 2527 1170 2574 man-

60 2613 148 2698 dore,
167 2617 255 2700 quin
271 2617 429 2681 societas
446 2621 655 2701 protegens,
670 2623 796 2701 utpote
816 2619 980 2700 interior,
996 2619 1173 2684 facultate

61 2721 207 2801 gaudeat
223 2723 430 2806 inquirendi
448 2729 484 2789 et
509 2724 697 2805 Judicandi
723 2729 842 2789 utrum
865 2727 987 2807 justae
1005 2730 1041 2788 et
1060 2741 1172 2789 verae

60 2829 250 2896 sintnoone
283 2847 418 2895 causae
446 2831 507 2896 vel
525 2832 625 2914 leges
643 2831 689 2895 sd
717 2849 869 2915 quarum
896 2831 1172 2896 exsecutionem

60 2951 114 2999 sou
130 2938 403 3003 observantiam
418 2939 576 3004 societas
602 2939 768 3021 superior
785 2940 862 3021 eJ'us
893 2955 1112 3004 concursum
1137 2943 1173 3004 et

61 3044 270 3121 praesidium
289 3045 451 3109 invocat.

140 3149 214 3215 189.
263 3149 335 3216 Sed
346 3151 555 3232 Regalistae
573 3169 617 3216 sa
630 3157 751 3216 mente
764 3151 874 3233 ducti,
890 3156 928 3216 ut
945 3151 1173 3234 Principibus

61 3253 154 3320 titulo
182 3257 421 3339 protectionis
454 3263 672 3340 potestatem
701 3258 745 3324 de
774 3261 882 3325 rebus
912 3259 1172 3324 ecclesiasticis

60 3360 235 3438 judicandi
254 3363 427 3448 tribuant,
446 3365 567 3430 futiles
596 3367 759 3449 argutias
777 3373 814 3431 et
831 3383 929 3431 vana
946 3366 1174 3448 subterfugia

62 3466 226 3537 invehere
242 3471 352 3537 veriti
369 3489 442 3537 uon
458 3478 552 3554 sunt3
572 3473 674 3556 ajunt
692 3475 801 3538 enim:

140 3577 188 3643 l.⁰
234 3577 431 3662 Supremos
455 3580 641 3645 societatis
666 3581 786 3646 civilis
805 3580 1014 3645 Moderator
1028 3581 1087 3662 jus
1111 3577 1172 3642 ba·

63 3677 127 3765 bet,
145 3685 238 3750 sicut
255 3685 406 3767 quilibet
433 3685 607 3769 Princeps
631 3686 853 3770 foederatus,
874 3687 905 3752 si
922 3687 968 3751 ab
986 3687 1101 3750 altero
1118 3703 1173 3751 re-

63 3790 228 3874 quiratur,
248 3797 349 3857 corto
379 3793 623 3874 cognoscendi
655 3795 840 3876 negotium
857 3795 918 3859 vel
947 3811 1107 3875 causam,
1128 3793 1173 3858 ob

63 3911 161 3975 quam
184 3898 360 3963 auxilium
378 3899 519 3963 brachii
536 3901 736 3964 saecularis
754 3900 903 3984 petitur,
922 3917 1002 3965 esse
1017 3916 1105 3964 vere
1118 3900 1172 3982 ju·

64 4004 157 4086 stam;
172 4021 277 4071 secus
294 4004 429 4071 Summi
447 4007 675 4089 imperantes
694 4009 731 4072 in
745 4025 893 4073 caecum
909 4005 1042 4089 judicis
1059 4007 1173 4072 eccle·

62 4107 187 4178 siestici
214 4114 493 4179 instrumentum
521 4119 837 4180 converterentur.
869 4115 952 4180 lam
976 4131 1064 4180 vero
1095 4115 1172 4198 plu-

63 4213 164 4282 rimae
178 4221 338 4286 rationcs
352 4221 456 4286 nobis
470 4227 669 4304 suppetunt
681 4239 747 4304 pro
762 4221 939 4304 ejusmodi
952 4221 1174 4305 sophismate

67 4325 287 4394 conlutuudo:
307 4326 337 4407 ³)
356 4327 657 4410 quemadmodum
682 4330 833 4394 interior
853 4329 936 4411 jnre
953 4332 1055 4394 caret
1069 4345 1173 4411 prae·
