3120 4988
579 413 736 472 ..21-

119 557 211 622 etatis
239 557 386 624 diversa
414 573 539 624 aarum
553 557 706 641 origine,
722 554 925 639 elementis,
947 556 1219 640 cooperatione,

117 666 228 749 gradu,
240 667 381 749 iuribus
400 671 510 750 atque
525 665 664 732 ordine.

194 773 242 837 1.⁰
287 773 441 838 Ratione
458 773 605 859 oriptnis
622 772 817 837 societates
832 771 1043 838 dividuntur
1056 771 1094 836 in
1106 771 1223 836 calan-

117 879 215 944 tarias
242 885 279 944 et
305 881 537 961 necessarias·
560 879 779 946 voluntariae
806 879 989 945 dicuntur:
1004 899 1090 964 puae
1114 879 1225 943 libera

116 983 273 1051 aninum
288 987 474 1070 voluntale,
492 986 554 1053 boc
568 989 719 1074 est,jure
735 1007 804 1052 non
817 994 951 1072 repente
965 992 1224 1071 conprepantar,

117 1092 159 1156 uti
183 1095 337 1158 societas
364 1093 579 1176 scientifica,
609 1094 887 1176 commercialis,
907 1098 992 1174 etc.;
1010 1093 1225 1158 necessariae

117 1203 291 1266 vocantur:
310 1223 398 1286 quae
425 1204 626 1267 necessitate
646 1203 809 1288 juridica
834 1203 886 1266 vel
909 1202 987 1280 iure
1000 1201 1226 1286 praevalente

116 1307 156 1386 (l)
171 1308 318 1374 bomines
341 1309 510 1390 adunant,
530 1310 631 1374 velut
648 1310 805 1373 societas
833 1309 967 1390 filialis,
987 1307 1106 1374 civilis
1120 1312 1156 1371 et
1172 1325 1226 1371 re·

117 1413 243 1495 ligiasa.

192 1521 243 1586 29
288 1521 442 1587 Ratione
460 1522 695 1588 multitudinis
711 1539 775 1587 seu
791 1524 963 1588 sociarant
981 1520 1017 1586 in
1042 1519 1227 1605 erpanicos

116 1629 146 1689 et
171 1628 387 1714 inarpaaicas
419 1629 640 1709 tribuuntur3
667 1631 851 1715 arpanicae
876 1629 1120 1694 nominantur:
1140 1645 1226 1710 qnae

116 1735 289 1802 itineribus
311 1738 533 1803 societatibus
557 1738 760 1822 aliqualiter
777 1739 971 1804 autonomis
989 1743 1156 1815 constant,
1174 1735 1227 1798 its

115 1859 148 1905 se
170 1842 300 1910 babent
329 1843 495 1909 Ecclesia
525 1861 589 1908 seu
618 1845 776 1910 societas
804 1846 990 1930 religiosa,
1010 1849 1046 1909 et
1069 1844 1226 1908 societas

116 1950 234 2034 civilis;
251 1952 392 2017 familia
410 1957 531 2017 autem
548 1970 613 2017 seu
626 1954 784 2018 societas
801 1954 1000 2019 domestica
1017 1952 1090 2016 dici
1107 1955 1228 2034 potest

115 2063 181 2122 tum
203 2060 388 2142 organica,
408 2061 493 2143 quia
512 2061 626 2125 tribus
643 2061 880 2128 societatibus
908 2061 1094 2148 conjapali,
1106 2067 1226 2144 pater-

115 2167 181 2231 nali
196 2172 230 2232 et
255 2167 358 2233 beriti
375 2168 437 2233 vel
455 2168 585 2232 saltem
615 2167 755 2234 duabus
785 2169 967 2252 prioribus
985 2167 1225 2252 componitur,

115 2275 180 2337 tum
196 2273 422 2358 inorganica,
442 2275 527 2358 quia
556 2279 721 2341 centrum
745 2277 854 2340 estin
871 2276 1036 2341 omnibus
1068 2274 1227 2358 pateria-

116 2380 232 2464 milias;
250 2383 474 2468 inorpanicae
491 2381 713 2465 apellantur:
734 2401 828 2466 quae
845 2405 888 2450 en
900 2383 1095 2449 indiuiduis
1111 2384 1226 2447 iinme-
1254 2435 1258 2444 .

116 2487 197 2554 dicte
212 2497 379 2573 constant,
397 2493 505 2573 prout
521 2491 729 2555 incaeteris
746 2491 983 2555 societatibus
999 2490 1135 2555 evenit.

192 2593 241 2661 3.⁰
286 2596 443 2662 Ratione
456 2598 587 2663 vinculi
601 2599 817 2665 autmoralis
830 2598 1084 2685 conjunctionis
1092 2596 1227 2679 dispes-

117 2702 145 2766 ci
159 2704 277 2770 valent
290 2705 328 2770 in
345 2705 524 2790 simplices
537 2710 573 2770 et
582 2706 780 2793 juridicos·
797 2707 986 2791 simplices,
1006 2723 1099 2789 quae
1117 2704 1226 2768 ctiam

118 2809 290 2896 inchoatae,
302 2813 469 2878 amicales
481 2830 544 2877 seu
555 2814 758 2899 foederatae
782 2817 1041 2895 nuncupantur
1063 2815 1158 2876 sunt:
1185 2809 1227 2872 il·

118 2915 162 2982 lae
176 2919 209 2984 in
226 2921 347 3004 quibas
364 2921 544 2986 vinculum
563 2921 691 2986 murale
709 2941 752 2985 ea
770 2941 864 2986 mero
882 2921 1013 3006 affectu
1031 2919 1156 3000 oritur,
1175 2916 1228 2980 sic
1300 2972 1302 2976 .

118 3042 166 3090 er.
176 3045 227 3112 gr.
246 3029 426 3108 contingit
442 3029 479 3092 in
496 3029 674 3094 societate
692 3028 872 3111 musicali,
892 3026 1086 3108 litteraria,
1120 3041 1227 3108 cyne-

117 3135 235 3219 getica,
253 3139 341 3217 etc.;
351 3135 533 3222 juridicae
550 3135 847 3202 denominantur:
864 3137 947 3202 illae
960 3136 998 3200 in
1013 3135 1136 3220 quibus
1153 3153 1228 3198 eoa·

109 3238 230 3326 junctib
245 3244 392 3311 moralis
409 3266 453 3309 eu
465 3245 585 3329 aliqua
603 3245 808 3331 oblipotione
825 3244 1021 3327 derivatur,
1042 3243 1122 3308 sive
1139 3240 1227 3307 obli·

114 3349 201 3428 gatio
214 3351 391 3435 procedat
402 3369 424 3415 a
434 3350 517 3432 jure
531 3352 775 3434 praevalente
785 3352 865 3416 sive
879 3370 901 3415 a
916 3356 1035 3433 pacto,
1051 3345 1227 3430 ejusmodi

116 3461 189 3522 sunt
203 3458 361 3524 sacietas
390 3458 523 3539 civilis,
543 3459 717 3542 religiosa
736 3464 773 3524 et
789 3459 1002 3539 domestica,
1021 3460 1058 3522 et
1074 3456 1227 3520 societa-

116 3565 164 3626 tes
177 3565 408 3632 mcrcantiles
426 3571 489 3630 aut
519 3566 706 3648 quaelibet
724 3567 819 3632 aliae
837 3572 960 3631 mutuo
975 3567 1083 3647 pacto
1101 3563 1225 3626 initae.

194 3672 241 3745 4,⁰
285 3673 440 3739 Ratione
454 3673 537 3760 finis
554 3674 852 3757 frequentissima
864 3677 926 3738 est
943 3671 1091 3755 partitio
1115 3671 1226 3735 socio-

118 3779 219 3844 tatum
234 3781 271 3845 in
298 3781 517 3846 subalternas
534 3799 597 3846 seu
614 3783 874 3848 subalternatas
901 3783 937 3844 et
968 3777 1226 3856 subordinatas;

118 3886 360 3954 subdieruatae
376 3887 628 3971 designantur:
649 3910 735 3974 quae
752 3897 832 3955 sunt
857 3887 1010 3974 ejusdem
1035 3885 1169 3950 ordinis
1198 3889 1230 3948 et

119 4013 289 4028 Ἢ

179 4121 213 4186 (1)
246 4121 298 4174 lus
322 4121 491 4188 praevaleas
504 4119 611 4188 duplici
624 4137 710 4176 sensu
723 4119 812 4186 accipi
826 4121 928 4187 potest,
942 4115 1072 4181 generice
1086 4119 1114 4168 et
1126 4114 1232 4185 specis·

120 4185 181 4252 iiten
193 4194 319 4258 generice
332 4197 479 4257 sumptum
495 4198 539 4246 est
559 4195 606 4260 jus
619 4195 740 4261 alicuius
754 4193 825 4244 alios
849 4190 903 4243 sibi
917 4187 1080 4254 obligantis,
1094 4189 1153 4254 pari
1167 4189 1230 4252 jure

119 4262 501 4404 ἷιίἳῐὲῐξτὲῗέῃίὶιὲεὼἱρθοίαϋιθτ
514 4269 683 4333 usurpatum
704 4269 804 4332 legem,
816 4264 879 4316 sive
891 4261 1061 4326 naturalem,
1073 4259 1136 4313 sive
1158 4257 1229 4324 posi-
