<?xml version="1.0" encoding="UTF-8"?>
<!DOCTYPE html PUBLIC "-//W3C//DTD XHTML 1.0 Transitional//EN"
    "http://www.w3.org/TR/xhtml1/DTD/xhtml1-transitional.dtd">
<html xmlns="http://www.w3.org/1999/xhtml" xml:lang="en" lang="en">
 <head>
  <title>
</title>
<meta http-equiv="Content-Type" content="text/html;charset=utf-8" />
  <meta name='ocr-system' content='tesseract 3.04.00' />
  <meta name='ocr-capabilities' content='ocr_page ocr_carea ocr_par ocr_line ocrx_word'/>
</head>
<body>
  <div class='ocr_page' id='page_1' title='image "./juspublicumeccl01ferngoog_0125.png"; bbox 0 0 3030 4990; ppageno 0'>
   <div class='ocr_carea' id='block_1_1' title="bbox 794 367 971 424">
    <p class='ocr_par' dir='ltr' id='par_1_1' title="bbox 794 367 971 424">
     <span class='ocr_line' id='line_1_1' title="bbox 794 367 971 424; baseline -0.006 -13"><span class='ocrx_word' id='word_1_1' title='bbox 794 367 971 424; x_wconf 58' lang='lat'>..10⁶-</span> 
     </span>
    </p>
   </div>
   <div class='ocr_carea' id='block_1_2' title="bbox 316 513 1434 4349">
    <p class='ocr_par' dir='ltr' id='par_1_2' title="bbox 318 513 1434 1757">
     <span class='ocr_line' id='line_1_2' title="bbox 321 513 1434 595; baseline 0.002 -19"><span class='ocrx_word' id='word_1_2' title='bbox 321 529 393 576; x_wconf 94' lang='lat' dir='ltr'>non</span> <span class='ocrx_word' id='word_1_3' title='bbox 406 514 641 594; x_wconf 86' lang='lat' dir='ltr'>cognoscunt;</span> <span class='ocrx_word' id='word_1_4' title='bbox 657 515 850 582; x_wconf 84' lang='lat' dir='ltr'>creaturae</span> <span class='ocrx_word' id='word_1_5' title='bbox 883 516 1005 578; x_wconf 81' lang='lat' dir='ltr'>eutem</span> <span class='ocrx_word' id='word_1_6' title='bbox 1023 513 1233 595; x_wconf 81' lang='lat' dir='ltr'><strong>rationales,</strong></span> <span class='ocrx_word' id='word_1_7' title='bbox 1248 531 1328 578; x_wconf 93' lang='lat' dir='ltr'>cum</span> <span class='ocrx_word' id='word_1_8' title='bbox 1347 513 1434 579; x_wconf 91' lang='lat' dir='ltr'>ordi·</span> 
     </span>
     <span class='ocr_line' id='line_1_3' title="bbox 321 617 1434 704; baseline 0.004 -22"><span class='ocrx_word' id='word_1_9' title='bbox 321 635 404 682; x_wconf 91' lang='lat' dir='ltr'>nem</span> <span class='ocrx_word' id='word_1_10' title='bbox 417 617 568 682; x_wconf 88' lang='lat' dir='ltr'>rationis</span> <span class='ocrx_word' id='word_1_11' title='bbox 586 617 734 683; x_wconf 78' lang='lat' dir='ltr'>divinae</span> <span class='ocrx_word' id='word_1_12' title='bbox 752 623 988 700; x_wconf 79' lang='lat' dir='ltr'>cognoscant,</span> <span class='ocrx_word' id='word_1_13' title='bbox 1016 619 1296 704; x_wconf 87' lang='lat' dir='ltr'>intelligantque</span> <span class='ocrx_word' id='word_1_14' title='bbox 1317 639 1434 686; x_wconf 88' lang='lat' dir='ltr'>neces-</span> 
     </span>
     <span class='ocr_line' id='line_1_4' title="bbox 320 723 1434 808; baseline 0.004 -20"><span class='ocrx_word' id='word_1_15' title='bbox 320 725 464 789; x_wconf 85' lang='lat' dir='ltr'>sitatem</span> <span class='ocrx_word' id='word_1_16' title='bbox 479 723 696 790; x_wconf 80' lang='lat' dir='ltr'><strong>rationalem</strong></span> <span class='ocrx_word' id='word_1_17' title='bbox 713 743 794 790; x_wconf 83' lang='lat' dir='ltr'>nese</span> <span class='ocrx_word' id='word_1_18' title='bbox 808 725 861 790; x_wconf 95' lang='lat' dir='ltr'>illi</span> <span class='ocrx_word' id='word_1_19' title='bbox 874 726 1136 808; x_wconf 82' lang='lat' dir='ltr'>conformandi,</span> <span class='ocrx_word' id='word_1_20' title='bbox 1150 745 1296 792; x_wconf 86' lang='lat' dir='ltr'>normae</span> <span class='ocrx_word' id='word_1_21' title='bbox 1309 746 1331 791; x_wconf 88' lang='lat' dir='ltr'>a</span> <span class='ocrx_word' id='word_1_22' title='bbox 1344 745 1434 792; x_wconf 89' lang='lat' dir='ltr'>men·</span> 
     </span>
     <span class='ocr_line' id='line_1_5' title="bbox 321 831 1433 915; baseline 0.002 -19"><span class='ocrx_word' id='word_1_23' title='bbox 321 837 356 896; x_wconf 88' lang='lat' dir='ltr'>to</span> <span class='ocrx_word' id='word_1_24' title='bbox 373 831 499 897; x_wconf 89' lang='lat' dir='ltr'>divina</span> <span class='ocrx_word' id='word_1_25' title='bbox 513 832 565 896; x_wconf 89' lang='lat' dir='ltr'>eis</span> <span class='ocrx_word' id='word_1_26' title='bbox 583 833 831 914; x_wconf 85' lang='lat' dir='ltr'>praescriptas</span> <span class='ocrx_word' id='word_1_27' title='bbox 850 832 1057 915; x_wconf 82' lang='lat' dir='ltr'>cognitione</span> <span class='ocrx_word' id='word_1_28' title='bbox 1075 839 1111 897; x_wconf 92' lang='lat' dir='ltr'>et</span> <span class='ocrx_word' id='word_1_29' title='bbox 1129 834 1322 898; x_wconf 86' lang='lat' dir='ltr'>voluntate</span> <span class='ocrx_word' id='word_1_30' title='bbox 1339 851 1433 898; x_wconf 84' lang='lat' dir='ltr'>exse·</span> 
     </span>
     <span class='ocr_line' id='line_1_6' title="bbox 321 939 1432 1024; baseline 0.001 -19"><span class='ocrx_word' id='word_1_31' title='bbox 321 941 382 1024; x_wconf 92' lang='lat' dir='ltr'>qui</span> <span class='ocrx_word' id='word_1_32' title='bbox 395 939 540 1022; x_wconf 89' lang='lat' dir='ltr'>debent,</span> <span class='ocrx_word' id='word_1_33' title='bbox 558 939 683 1022; x_wconf 86' lang='lat' dir='ltr'>sicque</span> <span class='ocrx_word' id='word_1_34' title='bbox 698 941 735 1004; x_wconf 89' lang='lat' dir='ltr'>in</span> <span class='ocrx_word' id='word_1_35' title='bbox 750 939 826 1005; x_wconf 91' lang='lat' dir='ltr'>Deo</span> <span class='ocrx_word' id='word_1_36' title='bbox 841 941 1026 1005; x_wconf 85' lang='lat' dir='ltr'>invenitur</span> <span class='ocrx_word' id='word_1_37' title='bbox 1039 941 1215 1006; x_wconf 85' lang='lat' dir='ltr'>motivum</span> <span class='ocrx_word' id='word_1_38' title='bbox 1229 941 1432 1006; x_wconf 81' lang='lat' dir='ltr'>fundamen-</span> 
     </span>
     <span class='ocr_line' id='line_1_7' title="bbox 321 1039 1433 1134; baseline 0.003 -24"><span class='ocrx_word' id='word_1_39' title='bbox 321 1047 394 1112; x_wconf 87' lang='lat' dir='ltr'>tale</span> <span class='ocrx_word' id='word_1_40' title='bbox 412 1039 644 1134; x_wconf 74' lang='lat' dir='ltr'>obligationis</span> <span class='ocrx_word' id='word_1_41' title='bbox 662 1047 823 1113; x_wconf 85' lang='lat' dir='ltr'>moralis.</span> <span class='ocrx_word' id='word_1_42' title='bbox 844 1046 880 1113; x_wconf 86' lang='lat' dir='ltr'>Si</span> <span class='ocrx_word' id='word_1_43' title='bbox 905 1049 1015 1129; x_wconf 90' lang='lat' dir='ltr'>igitur</span> <span class='ocrx_word' id='word_1_44' title='bbox 1048 1053 1219 1114; x_wconf 88' lang='lat' dir='ltr'>creatura</span> <span class='ocrx_word' id='word_1_45' title='bbox 1250 1050 1433 1115; x_wconf 88' lang='lat' dir='ltr'>rationalis</span> 
     </span>
     <span class='ocr_line' id='line_1_8' title="bbox 321 1154 1433 1238; baseline -0.002 -18"><span class='ocrx_word' id='word_1_46' title='bbox 321 1155 414 1220; x_wconf 87' lang='lat' dir='ltr'>hanc</span> <span class='ocrx_word' id='word_1_47' title='bbox 431 1155 646 1236; x_wconf 79' lang='lat' dir='ltr'>negligeret,</span> <span class='ocrx_word' id='word_1_48' title='bbox 666 1154 884 1234; x_wconf 78' lang='lat' dir='ltr'>infringeret</span> <span class='ocrx_word' id='word_1_49' title='bbox 902 1155 962 1220; x_wconf 90' lang='lat' dir='ltr'>vel</span> <span class='ocrx_word' id='word_1_50' title='bbox 980 1156 1165 1238; x_wconf 86' lang='lat' dir='ltr'>rejiceret,</span> <span class='ocrx_word' id='word_1_51' title='bbox 1185 1157 1363 1222; x_wconf 90' lang='lat' dir='ltr'>laedendo</span> <span class='ocrx_word' id='word_1_52' title='bbox 1377 1162 1433 1220; x_wconf 91' lang='lat' dir='ltr'>aut</span> 
     </span>
     <span class='ocr_line' id='line_1_9' title="bbox 319 1260 1432 1346; baseline 0.001 -19"><span class='ocrx_word' id='word_1_53' title='bbox 319 1260 564 1328; x_wconf 84' lang='lat' dir='ltr'>subvertendo</span> <span class='ocrx_word' id='word_1_54' title='bbox 583 1261 745 1327; x_wconf 88' lang='lat' dir='ltr'>ordinem</span> <span class='ocrx_word' id='word_1_55' title='bbox 761 1262 829 1326; x_wconf 87' lang='lat' dir='ltr'>sibi</span> <span class='ocrx_word' id='word_1_56' title='bbox 847 1281 869 1326; x_wconf 91' lang='lat' dir='ltr'>a</span> <span class='ocrx_word' id='word_1_57' title='bbox 888 1261 965 1326; x_wconf 92' lang='lat' dir='ltr'>Deo</span> <span class='ocrx_word' id='word_1_58' title='bbox 1000 1265 1267 1346; x_wconf 86' lang='lat' dir='ltr'>praestitutum,</span> <span class='ocrx_word' id='word_1_59' title='bbox 1293 1263 1432 1328; x_wconf 85' lang='lat' dir='ltr'>recede-</span> 
     </span>
     <span class='ocr_line' id='line_1_10' title="bbox 321 1369 1433 1454; baseline -0.001 -20"><span class='ocrx_word' id='word_1_60' title='bbox 321 1375 375 1434; x_wconf 90' lang='lat' dir='ltr'>ret</span> <span class='ocrx_word' id='word_1_61' title='bbox 392 1387 413 1433; x_wconf 87' lang='lat' dir='ltr'>a</span> <span class='ocrx_word' id='word_1_62' title='bbox 430 1387 497 1434; x_wconf 90' lang='lat' dir='ltr'>sua</span> <span class='ocrx_word' id='word_1_63' title='bbox 514 1373 646 1434; x_wconf 87' lang='lat' dir='ltr'>nutura</span> <span class='ocrx_word' id='word_1_64' title='bbox 663 1370 755 1434; x_wconf 90' lang='lat' dir='ltr'>entis</span> <span class='ocrx_word' id='word_1_65' title='bbox 771 1369 1021 1452; x_wconf 88' lang='lat' dir='ltr'>intelligentis,</span> <span class='ocrx_word' id='word_1_66' title='bbox 1057 1388 1219 1436; x_wconf 88' lang='lat' dir='ltr'>normam</span> <span class='ocrx_word' id='word_1_67' title='bbox 1253 1373 1433 1454; x_wconf 88' lang='lat' dir='ltr'>propriam</span> 
     </span>
     <span class='ocr_line' id='line_1_11' title="bbox 319 1477 1432 1561; baseline -0.002 -19"><span class='ocrx_word' id='word_1_68' title='bbox 319 1494 407 1542; x_wconf 86' lang='lat' dir='ltr'>suae</span> <span class='ocrx_word' id='word_1_69' title='bbox 424 1477 575 1541; x_wconf 90' lang='lat' dir='ltr'>rationis</span> <span class='ocrx_word' id='word_1_70' title='bbox 592 1481 793 1560; x_wconf 82' lang='lat' dir='ltr'>respueret,</span> <span class='ocrx_word' id='word_1_71' title='bbox 806 1477 955 1560; x_wconf 90' lang='lat' dir='ltr'>jamque</span> <span class='ocrx_word' id='word_1_72' title='bbox 974 1495 1045 1541; x_wconf 92' lang='lat' dir='ltr'>non</span> <span class='ocrx_word' id='word_1_73' title='bbox 1060 1479 1302 1561; x_wconf 85' lang='lat' dir='ltr'>participaret</span> <span class='ocrx_word' id='word_1_74' title='bbox 1317 1477 1432 1542; x_wconf 89' lang='lat' dir='ltr'>analo·</span> 
     </span>
     <span class='ocr_line' id='line_1_12' title="bbox 318 1583 1432 1670; baseline 0.004 -22"><span class='ocrx_word' id='word_1_75' title='bbox 318 1585 398 1668; x_wconf 89' lang='lat' dir='ltr'>gice</span> <span class='ocrx_word' id='word_1_76' title='bbox 417 1583 577 1650; x_wconf 89' lang='lat' dir='ltr'>divinam</span> <span class='ocrx_word' id='word_1_77' title='bbox 596 1583 787 1666; x_wconf 87' lang='lat' dir='ltr'>rationem,</span> <span class='ocrx_word' id='word_1_78' title='bbox 806 1585 909 1666; x_wconf 84' lang='lat' dir='ltr'>cujus</span> <span class='ocrx_word' id='word_1_79' title='bbox 926 1590 982 1648; x_wconf 86' lang='lat' dir='ltr'>eet</span> <span class='ocrx_word' id='word_1_80' title='bbox 1012 1584 1190 1666; x_wconf 88' lang='lat' dir='ltr'>quaedam</span> <span class='ocrx_word' id='word_1_81' title='bbox 1224 1586 1432 1670; x_wconf 85' lang='lat' dir='ltr'>imperfecta</span> 
     </span>
     <span class='ocr_line' id='line_1_13' title="bbox 319 1691 484 1757; baseline -0.006 0"><span class='ocrx_word' id='word_1_82' title='bbox 319 1691 484 1757; x_wconf 91' lang='lat' dir='ltr'>imitatio.</span> 
     </span>
    </p>

    <p class='ocr_par' dir='ltr' id='par_1_3' title="bbox 318 1797 1431 3059">
     <span class='ocr_line' id='line_1_14' title="bbox 407 1797 1431 1883; baseline 0 -20"><span class='ocrx_word' id='word_1_83' title='bbox 407 1799 460 1864; x_wconf 82' lang='lat'>3.⁰</span> <span class='ocrx_word' id='word_1_84' title='bbox 507 1798 677 1864; x_wconf 85' lang='lat' dir='ltr'>Deusest</span> <span class='ocrx_word' id='word_1_85' title='bbox 709 1797 922 1881; x_wconf 81' lang='lat' dir='ltr'>Supremam</span> <span class='ocrx_word' id='word_1_86' title='bbox 942 1799 1087 1864; x_wconf 82' lang='lat' dir='ltr'>Bonum.</span> <span class='ocrx_word' id='word_1_87' title='bbox 1109 1797 1242 1865; x_wconf 86' lang='lat' dir='ltr'>Omnes</span> <span class='ocrx_word' id='word_1_88' title='bbox 1277 1800 1431 1883; x_wconf 85' lang='lat' dir='ltr'>perfecte</span> 
     </span>
     <span class='ocr_line' id='line_1_15' title="bbox 318 1905 1431 1990; baseline -0.001 -19"><span class='ocrx_word' id='word_1_89' title='bbox 318 1907 437 1972; x_wconf 89' lang='lat' dir='ltr'>sciunt</span> <span class='ocrx_word' id='word_1_90' title='bbox 454 1913 490 1972; x_wconf 90' lang='lat' dir='ltr'>et</span> <span class='ocrx_word' id='word_1_91' title='bbox 516 1907 638 1990; x_wconf 91' lang='lat' dir='ltr'>palam</span> <span class='ocrx_word' id='word_1_92' title='bbox 671 1906 886 1988; x_wconf 85' lang='lat' dir='ltr'>profitentur</span> <span class='ocrx_word' id='word_1_93' title='bbox 913 1905 1028 1970; x_wconf 90' lang='lat' dir='ltr'>Deum</span> <span class='ocrx_word' id='word_1_94' title='bbox 1062 1924 1143 1971; x_wconf 86' lang='lat' dir='ltr'>esse</span> <span class='ocrx_word' id='word_1_95' title='bbox 1170 1925 1345 1972; x_wconf 90' lang='lat' dir='ltr'>summum</span> <span class='ocrx_word' id='word_1_96' title='bbox 1376 1908 1431 1972; x_wconf 89' lang='lat' dir='ltr'>bo·</span> 
     </span>
     <span class='ocr_line' id='line_1_16' title="bbox 318 2013 1430 2097; baseline -0.003 -17"><span class='ocrx_word' id='word_1_97' title='bbox 318 2033 402 2080; x_wconf 91' lang='lat' dir='ltr'>num</span> <span class='ocrx_word' id='word_1_98' title='bbox 420 2021 572 2078; x_wconf 90' lang='lat' dir='ltr'>naturae</span> <span class='ocrx_word' id='word_1_99' title='bbox 590 2013 793 2095; x_wconf 84' lang='lat' dir='ltr'>rationalis,</span> <span class='ocrx_word' id='word_1_100' title='bbox 811 2013 896 2095; x_wconf 91' lang='lat' dir='ltr'>quia</span> <span class='ocrx_word' id='word_1_101' title='bbox 914 2013 1046 2078; x_wconf 90' lang='lat' dir='ltr'>bonum</span> <span class='ocrx_word' id='word_1_102' title='bbox 1080 2016 1254 2097; x_wconf 89' lang='lat' dir='ltr'>cujusque</span> <span class='ocrx_word' id='word_1_103' title='bbox 1285 2021 1430 2079; x_wconf 84' lang='lat' dir='ltr'>naturae</span> 
     </span>
     <span class='ocr_line' id='line_1_17' title="bbox 318 2121 1430 2206; baseline -0.002 -20"><span class='ocrx_word' id='word_1_104' title='bbox 318 2123 504 2206; x_wconf 92' lang='lat' dir='ltr'>proprium</span> <span class='ocrx_word' id='word_1_105' title='bbox 522 2125 577 2186; x_wconf 87' lang='lat' dir='ltr'>est</span> <span class='ocrx_word' id='word_1_106' title='bbox 594 2121 674 2184; x_wconf 87' lang='lat' dir='ltr'>finis</span> <span class='ocrx_word' id='word_1_107' title='bbox 691 2121 728 2184; x_wconf 92' lang='lat' dir='ltr'>in</span> <span class='ocrx_word' id='word_1_108' title='bbox 756 2138 863 2204; x_wconf 92' lang='lat' dir='ltr'>quem</span> <span class='ocrx_word' id='word_1_109' title='bbox 891 2121 1077 2204; x_wconf 90' lang='lat' dir='ltr'>quaelibet</span> <span class='ocrx_word' id='word_1_110' title='bbox 1106 2127 1276 2186; x_wconf 86' lang='lat' dir='ltr'>creatura</span> <span class='ocrx_word' id='word_1_111' title='bbox 1309 2127 1430 2204; x_wconf 88' lang='lat' dir='ltr'>suapte</span> 
     </span>
     <span class='ocr_line' id='line_1_18' title="bbox 319 2227 1427 2312; baseline -0.002 -18"><span class='ocrx_word' id='word_1_112' title='bbox 319 2242 450 2294; x_wconf 83' lang='lat' dir='ltr'>natura</span> <span class='ocrx_word' id='word_1_113' title='bbox 466 2235 503 2293; x_wconf 90' lang='lat' dir='ltr'>et</span> <span class='ocrx_word' id='word_1_114' title='bbox 521 2228 587 2292; x_wconf 88' lang='lat' dir='ltr'>Dei</span> <span class='ocrx_word' id='word_1_115' title='bbox 605 2227 761 2310; x_wconf 63' lang='lat' dir='ltr'>irnpuhu</span> <span class='ocrx_word' id='word_1_116' title='bbox 779 2227 981 2308; x_wconf 88' lang='lat' dir='ltr'>ordinatur,</span> <span class='ocrx_word' id='word_1_117' title='bbox 999 2245 1063 2294; x_wconf 87' lang='lat' dir='ltr'>seu</span> <span class='ocrx_word' id='word_1_118' title='bbox 1078 2228 1174 2312; x_wconf 90' lang='lat' dir='ltr'>quod</span> <span class='ocrx_word' id='word_1_119' title='bbox 1187 2228 1280 2294; x_wconf 91' lang='lat' dir='ltr'>idem</span> <span class='ocrx_word' id='word_1_120' title='bbox 1294 2233 1360 2312; x_wconf 86' lang='lat' dir='ltr'>est,</span> <span class='ocrx_word' id='word_1_121' title='bbox 1380 2247 1427 2292; x_wconf 89' lang='lat' dir='ltr'>or-</span> 
     </span>
     <span class='ocr_line' id='line_1_19' title="bbox 319 2334 1426 2419; baseline -0.002 -19"><span class='ocrx_word' id='word_1_122' title='bbox 319 2337 363 2400; x_wconf 91' lang='lat' dir='ltr'>do</span> <span class='ocrx_word' id='word_1_123' title='bbox 381 2355 403 2399; x_wconf 89' lang='lat' dir='ltr'>a</span> <span class='ocrx_word' id='word_1_124' title='bbox 420 2335 496 2400; x_wconf 93' lang='lat' dir='ltr'>Deo</span> <span class='ocrx_word' id='word_1_125' title='bbox 512 2335 773 2418; x_wconf 86' lang='lat' dir='ltr'>praescriptue;</span> <span class='ocrx_word' id='word_1_126' title='bbox 792 2334 856 2400; x_wconf 88' lang='lat' dir='ltr'>sed</span> <span class='ocrx_word' id='word_1_127' title='bbox 874 2335 971 2400; x_wconf 88' lang='lat' dir='ltr'>Deus</span> <span class='ocrx_word' id='word_1_128' title='bbox 988 2337 1109 2400; x_wconf 84' lang='lat' dir='ltr'>omnia</span> <span class='ocrx_word' id='word_1_129' title='bbox 1141 2343 1290 2419; x_wconf 89' lang='lat' dir='ltr'>propter</span> <span class='ocrx_word' id='word_1_130' title='bbox 1305 2340 1426 2400; x_wconf 89' lang='lat' dir='ltr'>semet-</span> 
     </span>
     <span class='ocr_line' id='line_1_20' title="bbox 321 2439 1429 2526; baseline -0.005 -19"><span class='ocrx_word' id='word_1_131' title='bbox 321 2444 437 2526; x_wconf 85' lang='lat' dir='ltr'>ipsum</span> <span class='ocrx_word' id='word_1_132' title='bbox 472 2448 644 2526; x_wconf 88' lang='lat' dir='ltr'>operatus</span> <span class='ocrx_word' id='word_1_133' title='bbox 661 2447 717 2508; x_wconf 89' lang='lat' dir='ltr'>est</span> <span class='ocrx_word' id='word_1_134' title='bbox 734 2447 771 2508; x_wconf 88' lang='lat' dir='ltr'>et</span> <span class='ocrx_word' id='word_1_135' title='bbox 788 2442 835 2507; x_wconf 90' lang='lat' dir='ltr'>ad</span> <span class='ocrx_word' id='word_1_136' title='bbox 851 2461 891 2508; x_wconf 85' lang='lat' dir='ltr'>ee</span> <span class='ocrx_word' id='word_1_137' title='bbox 925 2447 1108 2525; x_wconf 86' lang='lat' dir='ltr'>tamquam</span> <span class='ocrx_word' id='word_1_138' title='bbox 1143 2441 1189 2506; x_wconf 90' lang='lat' dir='ltr'>ad</span> <span class='ocrx_word' id='word_1_139' title='bbox 1221 2441 1327 2506; x_wconf 89' lang='lat' dir='ltr'>linem</span> <span class='ocrx_word' id='word_1_140' title='bbox 1359 2439 1429 2504; x_wconf 91' lang='lat' dir='ltr'>ulti·</span> 
     </span>
     <span class='ocr_line' id='line_1_21' title="bbox 319 2547 1429 2634; baseline -0.005 -19"><span class='ocrx_word' id='word_1_141' title='bbox 319 2569 413 2616; x_wconf 89' lang='lat' dir='ltr'>mum</span> <span class='ocrx_word' id='word_1_142' title='bbox 435 2551 632 2631; x_wconf 87' lang='lat' dir='ltr'>ordinavit;</span> <span class='ocrx_word' id='word_1_143' title='bbox 647 2569 746 2634; x_wconf 91' lang='lat' dir='ltr'>ergo,</span> <span class='ocrx_word' id='word_1_144' title='bbox 766 2550 853 2615; x_wconf 90' lang='lat' dir='ltr'>licet</span> <span class='ocrx_word' id='word_1_145' title='bbox 870 2551 951 2615; x_wconf 87' lang='lat' dir='ltr'>linis</span> <span class='ocrx_word' id='word_1_146' title='bbox 969 2551 1154 2633; x_wconf 83' lang='lat' dir='ltr'>proximus</span> <span class='ocrx_word' id='word_1_147' title='bbox 1172 2555 1362 2614; x_wconf 89' lang='lat' dir='ltr'>creaturae</span> <span class='ocrx_word' id='word_1_148' title='bbox 1387 2547 1429 2610; x_wconf 88' lang='lat' dir='ltr'>sit</span> 
     </span>
     <span class='ocr_line' id='line_1_22' title="bbox 318 2653 1427 2741; baseline -0.005 -19"><span class='ocrx_word' id='word_1_149' title='bbox 318 2657 407 2723; x_wconf 89' lang='lat' dir='ltr'>ordo</span> <span class='ocrx_word' id='word_1_150' title='bbox 424 2677 446 2723; x_wconf 90' lang='lat' dir='ltr'>a</span> <span class='ocrx_word' id='word_1_151' title='bbox 465 2657 542 2724; x_wconf 89' lang='lat' dir='ltr'>Deo</span> <span class='ocrx_word' id='word_1_152' title='bbox 558 2659 755 2741; x_wconf 83' lang='lat' dir='ltr'>praefixus,</span> <span class='ocrx_word' id='word_1_153' title='bbox 773 2657 854 2721; x_wconf 88' lang='lat' dir='ltr'>finis</span> <span class='ocrx_word' id='word_1_154' title='bbox 868 2658 1014 2722; x_wconf 85' lang='lat' dir='ltr'>ultimus</span> <span class='ocrx_word' id='word_1_155' title='bbox 1029 2663 1084 2722; x_wconf 77' lang='lat' dir='ltr'>est</span> <span class='ocrx_word' id='word_1_156' title='bbox 1116 2656 1214 2720; x_wconf 90' lang='lat' dir='ltr'>Deus</span> <span class='ocrx_word' id='word_1_157' title='bbox 1246 2656 1336 2738; x_wconf 85' lang='lat' dir='ltr'>ipse.</span> <span class='ocrx_word' id='word_1_158' title='bbox 1367 2653 1427 2717; x_wconf 89' lang='lat' dir='ltr'>No·</span> 
     </span>
     <span class='ocr_line' id='line_1_23' title="bbox 318 2759 1426 2847; baseline -0.005 -17"><span class='ocrx_word' id='word_1_159' title='bbox 318 2765 467 2831; x_wconf 90' lang='lat' dir='ltr'>tandum</span> <span class='ocrx_word' id='word_1_160' title='bbox 493 2783 580 2830; x_wconf 92' lang='lat' dir='ltr'>vero</span> <span class='ocrx_word' id='word_1_161' title='bbox 611 2772 665 2830; x_wconf 88' lang='lat' dir='ltr'>est</span> <span class='ocrx_word' id='word_1_162' title='bbox 682 2763 797 2830; x_wconf 91' lang='lat' dir='ltr'>Deum</span> <span class='ocrx_word' id='word_1_163' title='bbox 811 2763 947 2847; x_wconf 89' lang='lat' dir='ltr'>duplici</span> <span class='ocrx_word' id='word_1_164' title='bbox 966 2769 1143 2847; x_wconf 92' lang='lat' dir='ltr'>conceptu</span> <span class='ocrx_word' id='word_1_165' title='bbox 1174 2761 1374 2846; x_wconf 90' lang='lat' dir='ltr'>nuncupari</span> <span class='ocrx_word' id='word_1_166' title='bbox 1396 2759 1426 2822; x_wconf 90' lang='lat' dir='ltr'>fi·</span> 
     </span>
     <span class='ocr_line' id='line_1_24' title="bbox 318 2867 1426 2952; baseline -0.007 -15"><span class='ocrx_word' id='word_1_167' title='bbox 318 2891 399 2938; x_wconf 89' lang='lat' dir='ltr'>nem</span> <span class='ocrx_word' id='word_1_168' title='bbox 417 2873 578 2938; x_wconf 90' lang='lat' dir='ltr'>ultimum</span> <span class='ocrx_word' id='word_1_169' title='bbox 596 2890 717 2936; x_wconf 91' lang='lat' dir='ltr'>rerum</span> <span class='ocrx_word' id='word_1_170' title='bbox 750 2873 921 2952; x_wconf 91' lang='lat' dir='ltr'>omnium,</span> <span class='ocrx_word' id='word_1_171' title='bbox 941 2876 977 2936; x_wconf 91' lang='lat' dir='ltr'>et</span> <span class='ocrx_word' id='word_1_172' title='bbox 1001 2873 1037 2936; x_wconf 92' lang='lat' dir='ltr'>in</span> <span class='ocrx_word' id='word_1_173' title='bbox 1057 2876 1210 2952; x_wconf 92' lang='lat' dir='ltr'>utroque</span> <span class='ocrx_word' id='word_1_174' title='bbox 1238 2887 1346 2934; x_wconf 88' lang='lat' dir='ltr'>sensu</span> <span class='ocrx_word' id='word_1_175' title='bbox 1373 2867 1426 2930; x_wconf 88' lang='lat' dir='ltr'>ha·</span> 
     </span>
     <span class='ocr_line' id='line_1_25' title="bbox 318 2975 1310 3059; baseline -0.004 -15"><span class='ocrx_word' id='word_1_176' title='bbox 318 2980 474 3044; x_wconf 88' lang='lat' dir='ltr'>bendum</span> <span class='ocrx_word' id='word_1_177' title='bbox 492 2979 593 3044; x_wconf 88' lang='lat' dir='ltr'>velut</span> <span class='ocrx_word' id='word_1_178' title='bbox 610 2977 884 3044; x_wconf 84' lang='lat' dir='ltr'>fundamentum</span> <span class='ocrx_word' id='word_1_179' title='bbox 902 2979 1050 3043; x_wconf 87' lang='lat' dir='ltr'>moralis</span> <span class='ocrx_word' id='word_1_180' title='bbox 1064 2975 1310 3059; x_wconf 77' lang='lat' dir='ltr'>obligationis</span> 
     </span>
    </p>

    <p class='ocr_par' dir='ltr' id='par_1_4' title="bbox 316 3079 1427 4349">
     <span class='ocr_line' id='line_1_26' title="bbox 422 3079 1427 3169; baseline -0.006 -19"><span class='ocrx_word' id='word_1_181' title='bbox 422 3087 448 3169; x_wconf 81' lang='lat'>⁸)</span> <span class='ocrx_word' id='word_1_182' title='bbox 495 3085 680 3169; x_wconf 88' lang='lat' dir='ltr'>Inprimis</span> <span class='ocrx_word' id='word_1_183' title='bbox 699 3085 794 3150; x_wconf 90' lang='lat' dir='ltr'>enim</span> <span class='ocrx_word' id='word_1_184' title='bbox 807 3085 905 3150; x_wconf 87' lang='lat' dir='ltr'>Deus</span> <span class='ocrx_word' id='word_1_185' title='bbox 923 3085 1053 3150; x_wconf 90' lang='lat' dir='ltr'>dicitur</span> <span class='ocrx_word' id='word_1_186' title='bbox 1076 3085 1155 3149; x_wconf 86' lang='lat' dir='ltr'>linis</span> <span class='ocrx_word' id='word_1_187' title='bbox 1185 3084 1331 3148; x_wconf 84' lang='lat' dir='ltr'>ultimus</span> <span class='ocrx_word' id='word_1_188' title='bbox 1361 3079 1427 3145; x_wconf 92' lang='lat' dir='ltr'>uni·</span> 
     </span>
     <span class='ocr_line' id='line_1_27' title="bbox 319 3188 1426 3275; baseline -0.004 -21"><span class='ocrx_word' id='word_1_189' title='bbox 319 3207 450 3256; x_wconf 85' lang='lat' dir='ltr'>versae</span> <span class='ocrx_word' id='word_1_190' title='bbox 465 3192 675 3273; x_wconf 76' lang='lat' dir='ltr'>creationiS,</span> <span class='ocrx_word' id='word_1_191' title='bbox 696 3191 781 3275; x_wconf 85' lang='lat' dir='ltr'>quia</span> <span class='ocrx_word' id='word_1_192' title='bbox 799 3192 919 3256; x_wconf 89' lang='lat' dir='ltr'>omnia</span> <span class='ocrx_word' id='word_1_193' title='bbox 937 3191 983 3256; x_wconf 90' lang='lat' dir='ltr'>ad</span> <span class='ocrx_word' id='word_1_194' title='bbox 1014 3191 1168 3274; x_wconf 84' lang='lat' dir='ltr'>gloriam</span> <span class='ocrx_word' id='word_1_195' title='bbox 1200 3191 1278 3271; x_wconf 89' lang='lat' dir='ltr'>ejus</span> <span class='ocrx_word' id='word_1_196' title='bbox 1304 3188 1426 3255; x_wconf 88' lang='lat' dir='ltr'>extrin-</span> 
     </span>
     <span class='ocr_line' id='line_1_28' title="bbox 318 3297 1427 3383; baseline -0.003 -21"><span class='ocrx_word' id='word_1_197' title='bbox 318 3305 683 3381; x_wconf 84' lang='lat' dir='ltr'>secamcrestasunt,</span> <span class='ocrx_word' id='word_1_198' title='bbox 696 3317 839 3383; x_wconf 90' lang='lat' dir='ltr'>nempe,</span> <span class='ocrx_word' id='word_1_199' title='bbox 855 3297 1427 3364; x_wconf 83' lang='lat' dir='ltr'>utcunctaecreaturaeinfinitam</span> 
     </span>
     <span class='ocr_line' id='line_1_29' title="bbox 316 3399 1427 3488; baseline -0.005 -19"><span class='ocrx_word' id='word_1_200' title='bbox 316 3404 385 3470; x_wconf 93' lang='lat' dir='ltr'>Dei</span> <span class='ocrx_word' id='word_1_201' title='bbox 395 3405 655 3488; x_wconf 84' lang='lat' dir='ltr'>perlectionem</span> <span class='ocrx_word' id='word_1_202' title='bbox 669 3411 882 3488; x_wconf 82' lang='lat' dir='ltr'>agnoscant,</span> <span class='ocrx_word' id='word_1_203' title='bbox 894 3406 1137 3470; x_wconf 81' lang='lat' dir='ltr'>confiteantur</span> <span class='ocrx_word' id='word_1_204' title='bbox 1147 3423 1192 3470; x_wconf 90' lang='lat' dir='ltr'>ac</span> <span class='ocrx_word' id='word_1_205' title='bbox 1201 3404 1359 3484; x_wconf 85' lang='lat' dir='ltr'>laudent;</span> <span class='ocrx_word' id='word_1_206' title='bbox 1371 3399 1427 3466; x_wconf 85' lang='lat' dir='ltr'>sed</span> 
     </span>
     <span class='ocr_line' id='line_1_30' title="bbox 318 3511 1426 3594; baseline -0.005 -17"><span class='ocrx_word' id='word_1_207' title='bbox 318 3531 397 3578; x_wconf 91' lang='lat' dir='ltr'>cum</span> <span class='ocrx_word' id='word_1_208' title='bbox 411 3513 517 3594; x_wconf 88' lang='lat' dir='ltr'>hujus</span> <span class='ocrx_word' id='word_1_209' title='bbox 534 3513 809 3594; x_wconf 84' lang='lat' dir='ltr'>recognitionis,</span> <span class='ocrx_word' id='word_1_210' title='bbox 829 3512 1069 3577; x_wconf 85' lang='lat' dir='ltr'>confessionis</span> <span class='ocrx_word' id='word_1_211' title='bbox 1087 3521 1124 3578; x_wconf 92' lang='lat' dir='ltr'>et</span> <span class='ocrx_word' id='word_1_212' title='bbox 1148 3511 1263 3576; x_wconf 88' lang='lat' dir='ltr'>laudis</span> <span class='ocrx_word' id='word_1_213' title='bbox 1281 3525 1426 3594; x_wconf 86' lang='lat' dir='ltr'>capaces</span> 
     </span>
     <span class='ocr_line' id='line_1_31' title="bbox 317 3614 1426 3701; baseline -0.005 -20"><span class='ocrx_word' id='word_1_214' title='bbox 317 3618 388 3682; x_wconf 89' lang='lat' dir='ltr'>sint</span> <span class='ocrx_word' id='word_1_215' title='bbox 402 3623 542 3683; x_wconf 83' lang='lat' dir='ltr'>tantum</span> <span class='ocrx_word' id='word_1_216' title='bbox 563 3623 759 3684; x_wconf 85' lang='lat' dir='ltr'>creaturae</span> <span class='ocrx_word' id='word_1_217' title='bbox 774 3619 984 3700; x_wconf 86' lang='lat' dir='ltr'>rationales,</span> <span class='ocrx_word' id='word_1_218' title='bbox 1004 3624 1040 3683; x_wconf 89' lang='lat' dir='ltr'>et</span> <span class='ocrx_word' id='word_1_219' title='bbox 1064 3618 1163 3684; x_wconf 87' lang='lat' dir='ltr'>Deus</span> <span class='ocrx_word' id='word_1_220' title='bbox 1194 3636 1234 3682; x_wconf 87' lang='lat' dir='ltr'>se</span> <span class='ocrx_word' id='word_1_221' title='bbox 1267 3614 1426 3701; x_wconf 87' lang='lat' dir='ltr'>proponit</span> 
     </span>
     <span class='ocr_line' id='line_1_32' title="bbox 318 3725 1424 3808; baseline -0.004 -20"><span class='ocrx_word' id='word_1_222' title='bbox 318 3725 526 3790; x_wconf 89' lang='lat' dir='ltr'>immediate</span> <span class='ocrx_word' id='word_1_223' title='bbox 543 3730 582 3790; x_wconf 93' lang='lat' dir='ltr'>ut</span> <span class='ocrx_word' id='word_1_224' title='bbox 598 3725 705 3791; x_wconf 87' lang='lat' dir='ltr'>tinem</span> <span class='ocrx_word' id='word_1_225' title='bbox 736 3725 899 3792; x_wconf 91' lang='lat' dir='ltr'>ultimum</span> <span class='ocrx_word' id='word_1_226' title='bbox 930 3727 1109 3790; x_wconf 81' lang='lat' dir='ltr'>creaturis</span> <span class='ocrx_word' id='word_1_227' title='bbox 1136 3725 1424 3808; x_wconf 88' lang='lat' dir='ltr'>intelligentibus,</span> 
     </span>
     <span class='ocr_line' id='line_1_33' title="bbox 319 3831 1421 3916; baseline -0.002 -22"><span class='ocrx_word' id='word_1_228' title='bbox 319 3837 355 3894; x_wconf 93' lang='lat' dir='ltr'>et</span> <span class='ocrx_word' id='word_1_229' title='bbox 383 3831 475 3896; x_wconf 89' lang='lat' dir='ltr'>istae</span> <span class='ocrx_word' id='word_1_230' title='bbox 502 3839 670 3897; x_wconf 88' lang='lat' dir='ltr'>tenentur</span> <span class='ocrx_word' id='word_1_231' title='bbox 687 3833 788 3898; x_wconf 91' lang='lat' dir='ltr'>illum</span> <span class='ocrx_word' id='word_1_232' title='bbox 807 3833 941 3916; x_wconf 89' lang='lat' dir='ltr'>colere,</span> <span class='ocrx_word' id='word_1_233' title='bbox 976 3833 1131 3898; x_wconf 88' lang='lat' dir='ltr'>adorare</span> <span class='ocrx_word' id='word_1_234' title='bbox 1164 3837 1200 3897; x_wconf 93' lang='lat' dir='ltr'>et</span> <span class='ocrx_word' id='word_1_235' title='bbox 1216 3833 1421 3916; x_wconf 85' lang='lat' dir='ltr'>glorificare.</span> 
     </span>
     <span class='ocr_line' id='line_1_34' title="bbox 318 3936 1423 4023; baseline -0.001 -22"><span class='ocrx_word' id='word_1_236' title='bbox 318 3936 348 4001; x_wconf 91' lang='lat' dir='ltr'>N</span> <span class='ocrx_word' id='word_1_237' title='bbox 353 3955 420 4002; x_wconf 92' lang='lat' dir='ltr'>unc</span> <span class='ocrx_word' id='word_1_238' title='bbox 439 3957 540 4022; x_wconf 90' lang='lat' dir='ltr'>vero,</span> <span class='ocrx_word' id='word_1_239' title='bbox 561 3941 701 4023; x_wconf 88' lang='lat' dir='ltr'>quoties</span> <span class='ocrx_word' id='word_1_240' title='bbox 715 3946 908 4007; x_wconf 88' lang='lat' dir='ltr'>creaturae</span> <span class='ocrx_word' id='word_1_241' title='bbox 925 3941 1087 4006; x_wconf 89' lang='lat' dir='ltr'>ordinem</span> <span class='ocrx_word' id='word_1_242' title='bbox 1104 3959 1125 4004; x_wconf 90' lang='lat' dir='ltr'>a</span> <span class='ocrx_word' id='word_1_243' title='bbox 1155 3939 1232 4005; x_wconf 91' lang='lat' dir='ltr'>Deo</span> <span class='ocrx_word' id='word_1_244' title='bbox 1260 3942 1423 4006; x_wconf 88' lang='lat' dir='ltr'>intentum</span> 
     </span>
     <span class='ocr_line' id='line_1_35' title="bbox 319 4044 1422 4130; baseline -0.002 -23"><span class='ocrx_word' id='word_1_245' title='bbox 319 4044 479 4127; x_wconf 85' lang='lat' dir='ltr'>ipsisque</span> <span class='ocrx_word' id='word_1_246' title='bbox 497 4046 703 4129; x_wconf 85' lang='lat' dir='ltr'>impositum</span> <span class='ocrx_word' id='word_1_247' title='bbox 734 4055 904 4114; x_wconf 84' lang='lat' dir='ltr'>evertunt</span> <span class='ocrx_word' id='word_1_248' title='bbox 937 4048 998 4114; x_wconf 88' lang='lat' dir='ltr'>vel</span> <span class='ocrx_word' id='word_1_249' title='bbox 1029 4049 1234 4130; x_wconf 79' lang='lat' dir='ltr'>immutent,</span> <span class='ocrx_word' id='word_1_250' title='bbox 1264 4047 1299 4111; x_wconf 92' lang='lat' dir='ltr'>in</span> <span class='ocrx_word' id='word_1_251' title='bbox 1323 4045 1422 4126; x_wconf 79' lang='lat' dir='ltr'>quus</span> 
     </span>
     <span class='ocr_line' id='line_1_36' title="bbox 319 4150 1421 4239; baseline 0.002 -25"><span class='ocrx_word' id='word_1_252' title='bbox 319 4150 556 4218; x_wconf 87' lang='lat' dir='ltr'>observantia</span> <span class='ocrx_word' id='word_1_253' title='bbox 583 4155 756 4238; x_wconf 88' lang='lat' dir='ltr'>obligatio</span> <span class='ocrx_word' id='word_1_254' title='bbox 788 4157 935 4223; x_wconf 83' lang='lat' dir='ltr'>moralis</span> <span class='ocrx_word' id='word_1_255' title='bbox 964 4156 1085 4239; x_wconf 89' lang='lat' dir='ltr'>posita</span> <span class='ocrx_word' id='word_1_256' title='bbox 1110 4161 1176 4239; x_wconf 86' lang='lat' dir='ltr'>est,</span> <span class='ocrx_word' id='word_1_257' title='bbox 1202 4155 1353 4238; x_wconf 90' lang='lat' dir='ltr'>gloriam</span> <span class='ocrx_word' id='word_1_258' title='bbox 1369 4169 1421 4217; x_wconf 86' lang='lat' dir='ltr'>en·</span> 
     </span>
     <span class='ocr_line' id='line_1_37' title="bbox 320 4257 1421 4349; baseline -0.001 -25"><span class='ocrx_word' id='word_1_259' title='bbox 320 4257 515 4324; x_wconf 80' lang='lat' dir='ltr'>trinaecem</span> <span class='ocrx_word' id='word_1_260' title='bbox 549 4259 713 4329; x_wconf 75' lang='lat' dir='ltr'>Creatori</span> <span class='ocrx_word' id='word_1_261' title='bbox 726 4265 907 4349; x_wconf 86' lang='lat' dir='ltr'>auferunt,</span> <span class='ocrx_word' id='word_1_262' title='bbox 929 4265 990 4330; x_wconf 88' lang='lat' dir='ltr'>lini</span> <span class='ocrx_word' id='word_1_263' title='bbox 1004 4265 1128 4330; x_wconf 90' lang='lat' dir='ltr'>ultimo</span> <span class='ocrx_word' id='word_1_264' title='bbox 1143 4263 1378 4330; x_wconf 86' lang='lat' dir='ltr'>adversantur</span> <span class='ocrx_word' id='word_1_265' title='bbox 1392 4261 1421 4324; x_wconf 89' lang='lat' dir='ltr'>et</span> 
     </span>
    </p>
   </div>
   <div class='ocr_carea' id='block_1_3' title="bbox 0 0 1520 4982">
    <p class='ocr_par' dir='ltr' id='par_1_5' title="bbox 0 0 1520 4982">
     <span class='ocr_line' id='line_1_38' title="bbox 0 0 1520 4982; baseline 0 0"><span class='ocrx_word' id='word_1_266' title='bbox 0 0 1520 4982; x_wconf 95' lang='lat' dir='ltr'> </span> 
     </span>
    </p>
   </div>
  </div>
 </body>
</html>
