3030 4990
524 368 678 424 -9ι..

64 509 175 574 iatiaot
187 517 225 588 te,
242 510 405 574 abacistae
418 531 493 574 eom
505 518 537 575 et
544 511 679 597 projice
693 513 754 577 aba
763 519 793 576 te
804 511 863 596 (t).
881 511 947 586 Qui
959 518 1064 591 amal,
1080 527 1159 592 pro·

64 615 203 696 seqnitur
219 615 439 699 Redemptor
450 616 583 699 mundi,
590 625 730 702 patrem
743 626 803 683 aut
815 625 958 684 uentrem
965 618 1048 702 pius
1060 638 1161 701 qaum

64 741 112 798 me,
127 744 188 787 non
201 730 248 788 eat
265 743 317 787 me
331 723 467 806 clipeum
486 731 517 788 et
535 727 593 808 qui
610 733 706 790 amat
718 726 830 812 fitium
845 733 907 790 nat
918 725 1031 810 fitium
1062 745 1161 788 suam

64 847 150 911 snper
161 850 220 910 me,
235 850 303 895 aon
320 837 370 894 eat
382 851 433 894 ine
447 829 570 916 clipeus
584 831 642 912 (2).
662 831 826 914 Denique
850 831 887 895 in
902 830 1028 894 eodem
1042 829 1159 894 Evan-

63 935 142 1014 gelio
169 937 375 1018 legiturilla
391 937 566 1002 mirabilis
586 944 621 1003 et
640 939 747 1003 toties
781 938 930 1003 laudata
962 938 1157 1002 sententia:

66 1039 140 1114 (latu
150 1046 290 1129 prodeat
306 1045 436 1110 lunzini
452 1045 661 1110 aimundum
675 1048 873 1111 uniuersam
891 1049 1053 1128 lucretur,
1087 1047 1161 1110 ani·

66 1171 124 1213 mm
137 1159 209 1216 vero
225 1173 308 1218 auae
321 1154 561 1218 detrimentum
568 1155 750 1238 patrator?
765 1154 825 1234 (3).

135 1256 301 1324 Historia:
330 1259 535 1342 Antequam
561 1259 661 1325 facta
695 1278 741 1324 ex
769 1260 921 1325 historia
953 1264 1098 1344 sumpta
1125 1261 1162 1324 in

63 1360 153 1442 hujus
168 1366 470 1446 praestantissimi
483 1365 612 1431 scholii
626 1368 936 1433 confirmationem
950 1369 1160 1450 afferamus,

64 1467 120 1532 dno
136 1472 366 1552 praemittere
384 1472 555 1538 debemus
572 1473 617 1538 ad
634 1475 835 1557 pleniorem
848 1477 961 1540 nostri
973 1492 1162 1557 argumen-

64 1574 85 1636 ti
99 1575 378 1644 illustrationem:
399 1579 450 1644 1.⁰
468 1580 665 1646 notandum
678 1572 745 1646 'est
759 1582 956 1646 Historiam
981 1581 1162 1646 Ecclesia·

64 1683 174 1748 sticam
184 1687 330 1769 proprie
354 1693 391 1751 et
415 1705 504 1752 vere
518 1689 736 1753 censendam
752 1707 834 1754 esse
851 1690 965 1754 veluti
985 1689 1161 1753 narratio·

64 1791 352 1877 nemfidedignam
370 1800 478 1878 atque
490 1796 736 1862 authenticum
748 1797 992 1861 testimonium
1006 1797 1163 1861 omnium

65 1897 273 1966 conflictuum
282 1902 343 1966 vel
353 1903 596 1985 collisionum,
612 1921 704 1986 quae
714 1903 808 1968 inter
820 1903 1162 1986 tinemspiritualem

65 2009 94 2064 et
107 2008 348 2090 temporalem,
365 2025 408 2073 ac
426 2010 520 2074 inter
535 2016 725 2093 utramque
745 2013 962 2093 potestatem
992 2011 1163 2075 ecclesia-

65 2109 175 2176 sticam
191 2120 226 2178 et
251 2115 396 2180 civilem
417 2117 549 2181 bonum
579 2119 768 2201 spirituale
796 2118 857 2182 vel
876 2118 1075 2200 temporale
1108 2135 1160 2180 re·

66 2220 208 2296 spective
225 2227 425 2306 curantem,
442 2242 464 2287 a
478 2221 620 2289 Christo
639 2225 684 2289 ad
698 2243 763 2288 nos
778 2242 889 2308 usque
902 2225 1052 2290 obortae
1065 2226 1161 2304 sunt,

66 2323 107 2385 a⁰
122 2328 477 2395 animadvertendum
496 2333 605 2395 etiam
623 2335 690 2414 est,
710 2332 805 2414 quod
824 2333 860 2395 in
879 2333 974 2396 omni
995 2331 1163 2396 conflictu

67 2433 534 2520 triadistinguereoportere:
544 2438 889 2524 anteponiamumvel
899 2440 1164 2520 oppositionem

66 2538 145 2604 inter
166 2543 295 2608 bonurn
308 2545 497 2628 spirituale
511 2547 806 2628 anteponendum
819 2552 855 2610 et
868 2547 1000 2611 bonurn
1027 2553 1163 2629 tempo·

66 2649 130 2712 rale
141 2652 432 2736 posthabendum,
446 2655 556 2719 etiam
568 2672 649 2719 cum
665 2654 795 2718 damno
806 2654 978 2736 positivo,
995 2653 1163 2717 materia-

67 2751 154 2820 liant
169 2760 303 2840 morali,
324 2762 620 2845 opportunitatum
639 2761 700 2825 vel
715 2766 876 2842 systema
906 2760 1164 2824 transactionis

67 2866 378 2931 aconciliatoribns
396 2868 493 2932 omni
511 2872 675 2950 tempore
695 2873 918 2950 usurpatu1n3
942 2867 1162 2931 auctoritari·

66 2989 159 3036 smum
173 2995 318 3058 sacrum,
336 2974 366 3038 si
382 2974 434 3039 ita
453 2975 551 3058 loqni
572 2976 628 3039 fas
645 2978 711 3056 est,
731 2977 967 3039 seusanctam
977 2973 1164 3039 Ecclesiae

67 3076 359 3164 intransigentiam
376 3083 484 3147 finem
501 3083 729 3166 spiritualem
747 3087 783 3146 et
795 3082 892 3146 bona
911 3082 1052 3146 altioris
1072 3081 1164 3146 ordi-

67 3185 111 3248 nis
126 3204 259 3272 semper
275 3191 547 3274 praeponentis,
568 3191 678 3254 etiam
693 3208 772 3255 curn
791 3191 968 3254 bonorum
983 3195 1163 3272 tempora·

68 3288 139 3357 lium
151 3295 290 3376 jactura
308 3301 344 3361 et
357 3297 550 3378 cujuslibet
567 3297 744 3361 malorum
758 3297 903 3379 generis
914 3297 1163 3380 perpessione.

135 3400 192 3467 His
202 3403 437 3486 praehabitis,
449 3404 828 3486 recensebimusprins
841 3403 1166 3468 celebratissimum

68 3507 250 3575 conflictum
264 3511 360 3574 inter
376 3510 592 3592 Synedrinm
605 3509 798 3575 iudaicam
823 3513 859 3574 et
885 3509 1079 3592 Apostolos
1111 3527 1165 3573 or-

68 3614 127 3678 tum
143 3617 276 3700 abipso
294 3618 480 3700 religionis
498 3617 720 3682 christianae
738 3616 900 3699 exordio,
920 3618 1023 3699 cnjus
1040 3617 1162 3680 merni-

68 3733 137 3786 nere
154 3724 243 3790 Acta
261 3725 528 3808 Apostolorum5
548 3724 631 3790 dein
649 3742 750 3807 vero,
769 3724 942 3791 brevitati
975 3724 1165 3788 consulen-

72 3963 229 3980 Ἇ-ι-ι-κ-

123 4148 159 4214 (ι)
194 4150 292 4203 asan
306 4150 344 4213 v,
357 4152 390 4202 aa
403 4151 432 4202 a
445 4150 486 4201 so.

123 4221 156 4282 (a)
191 4219 428 4288 soanensi.

127 4291 159 4356 p)
191 4291 263 4345 mia.
279 4291 409 4358 xvans.
