3024 4994
537 423 714 481 -265-

81 567 154 632 libas
181 566 379 652 Episcopis,
412 568 663 633 consentiente
698 571 819 632 tamen
854 565 950 634 Claro
969 585 1012 632 ac
1038 568 1183 653 popula

81 671 294 738 Innocentius
323 672 359 738 II
385 675 557 759 papulam
582 675 725 757 penitus
757 673 895 738 amovit
928 675 973 739 ab
1007 674 1185 740 electione

80 777 264 860 lentitiam,
284 779 350 844 sed
368 780 487 846 adhuc
503 782 772 848 interveniente
792 779 901 862 tiara
917 781 1072 864 denique
1104 781 1185 846 Ale·

81 886 203 950 nander
219 886 274 950 ΙΙΙ
288 887 325 951 in
340 884 501 952 Concilio
528 887 768 953 Lateranensi
794 887 848 952 III
879 885 1016 955 Claram
1043 890 1185 976 infcrio-

79 1013 137 1058 rsm
169 995 277 1058 etiam
306 995 474 1077 exclusit,
506 996 718 1060 facultatem
747 995 947 1060 Romanum
975 996 1185 1062 Pontificem

79 1100 220 1182 eligendi
240 1101 489 1170 Oardiaalibar
504 1103 693 1168 dumtaxat
705 1103 957 1186 impertiendo.

154 1206 279 1288 Quoad
296 1211 493 1276 electionem
510 1211 766 1296 Episcopolem,
800 1210 984 1293 Apostolis
1002 1211 1078 1276 vita
1107 1213 1185 1276 iun-

79 1313 147 1397 ctis,
161 1317 232 1399 qui,
249 1322 374 1400 utpote
388 1321 572 1401 potestate
586 1319 829 1383 constituente
854 1335 917 1383 seu
935 1318 1184 1384 extraordina-

78 1419 156 1484 riaa
171 1419 313 1488 Christo
328 1424 482 1490 Domino
498 1425 705 1490 immediate
735 1430 886 1508 recepta
901 1424 1077 1507 insigniti,
1103 1425 1184 1509 Epi-

78 1545 193 1611 scopus
204 1549 270 1614 pro
284 1532 462 1616 religione
471 1532 712 1616 propaganda
722 1537 758 1598 et
770 1533 879 1598 rebus
892 1533 1006 1598 sacris
1017 1533 1183 1598 ordinan-

79 1633 282 1704 disdiversis
298 1637 475 1704 Ecclesiis
488 1640 757 1722 praefecerunt,
767 1639 989 1704 solummodo
1004 1639 1185 1704 Romanus

78 1739 231 1809 Pontifex
249 1767 292 1811 ec
301 1748 386 1833 jare
419 1749 537 1813 divino
565 1747 766 1830 Episcopus
802 1747 938 1829 eligere
970 1751 1103 1830 potest,
1135 1746 1186 1812 uti

79 1851 290 1918 validissima
323 1859 540 1937 argumenta
572 1873 618 1919 ex
652 1853 765 1920 Sacra
788 1853 988 1938 Scriptura,
1019 1854 1185 1920 Decretis

78 1953 328 2026 Conciliaribus
346 1965 383 2026 et
401 1963 481 2045 ipsa
499 1963 643 2028 ratione
661 1966 805 2044 sumpta
821 1963 1027 2028 ostendunt.

154 2068 263 2136 Sacra
279 2069 478 2156 Scriptura.
499 2069 594 2135 Satis
610 2071 657 2135 sit
673 2071 710 2134 in
728 2071 1064 2136 corroborationem
1080 2071 1186 2152 huJus

78 2175 230 2241 veritatis
248 2177 384 2242 afferre
403 2178 518 2243 verba
535 2176 570 2242 S.
590 2175 611 2241 J
614 2177 741 2242 oannis
759 2177 890 2242 millies
918 2177 1068 2242 laudata
1079 2199 1186 2262 pasce

78 2301 384 2369 upnoamecs,paace
399 2307 475 2351 oues
487 2307 593 2368 meus,
609 2286 796 2368 exquibus
812 2286 861 2349 ita
876 2289 1183 2364 argumentamur:

79 2385 226 2454 Christus
241 2390 417 2456 Dominus
435 2393 504 2457 hoo
515 2391 708 2474 Evangelii
723 2393 803 2456 loco
818 2393 925 2456 Petro
941 2393 1091 2475 ejusque
1103 2391 1186 2457 Suc-

79 2499 267 2562 cessoribns
286 2501 440 2564 contulit
456 2519 529 2564 non
543 2500 648 2564 modo
663 2502 722 2582 jus
736 2517 944 2583 supremum
960 2518 1023 2564 scu
1042 2501 1188 2582 plenam

79 2609 281 2683 potestatem
300 2606 504 2672 Ecclesiam
521 2608 767 2672 universalem
801 2607 951 2690 regendi
986 2613 1096 2690 atque
1124 2625 1185 2689 pa·

79 2712 199 2792 scendi,
220 2715 475 2780 verumetiam
501 2733 630 2780 munus
648 2733 713 2780 seu
743 2715 900 2779 cilicium
930 2715 1197 2796 gravissimum*

76 2817 218 2900 fidelibus
232 2827 268 2886 et
286 2823 489 2888 Pectoribus
503 2822 732 2904 invigilandi,
749 2821 794 2885 de
808 2838 849 2885 cu
851 2822 909 2902 jus
923 2823 1026 2884 recta
1039 2837 1185 2884 exsecu-
1231 2866 1235 2872 -

79 2924 163 2992 tione
181 2932 217 2992 et
234 2937 409 2994 accurata
427 2930 663 2996 observantia
696 2929 773 2993 Deo
792 2928 1014 3010 respondere
1039 2927 1183 3008 debent;

79 3033 166 3114 atqui
175 3034 356 3100 Romanus
370 3035 542 3100 Pontifex
555 3054 601 3100 ex
615 3036 688 3100 elia
703 3039 807 3117 parte
822 3035 947 3118 nequit
953 3055 1022 3120 per
1035 3036 1186 3119 seipsam

79 3145 232 3206 cunctum
249 3142 423 3226 populum
441 3143 678 3207 christianum
711 3160 862 3224 pascere
897 3146 932 3206 et
965 3143 1183 3224 gubernare,

80 3245 152 3323 quia
167 3249 261 3312 omni
278 3250 489 3331 praesentia
506 3267 578 3313 non
591 3248 736 3330 gandet3
755 3267 800 3314 ex
818 3250 891 3312 alia
909 3250 997 3314 verb
1015 3249 1092 3313 Deo
1107 3249 1184 3314 red-

80 3349 154 3416 dere
166 3359 309 3420 tenetur
327 3357 493 3420 strictam
508 3357 687 3420 rationem
706 3361 778 3420 tum
807 3355 928 3438 gregis
958 3359 1089 3441 (opnor)
1125 3374 1185 3438 pa-

80 3461 197 3526 ternali
210 3463 288 3544 ejus
298 3481 408 3528 curae
419 3465 613 3546 commissi,
626 3469 699 3528 tum
710 3467 896 3546 pastorum
909 3467 1012 3543 (coca)
1024 3483 1045 3526 a
1055 3463 1184 3545 Supre-

80 3564 289 3635 nniPastoris
317 3570 873 3653 sollicitudinedependentium;
903 3571 1012 3652 igitur
1041 3568 1185 3634 Summo

79 3667 228 3740 Pontifici
246 3676 434 3743 exclusive
453 3678 627 3759 competit
641 3678 700 3758 jus
718 3676 877 3758 eligendi
909 3677 1000 3757 illos,
1034 3693 1184 3757 quorum

80 3777 279 3860 vigilantiae
294 3788 403 3867 atque
421 3785 588 3866 regimini
606 3784 860 3849 demandanda
874 3789 930 3848 est
946 3800 1031 3866 pars
1063 3784 1184 3865 gregis

81 3883 264 3971 christiani3
281 3909 385 3957 secus
399 3892 652 3974 injungeretur
682 3892 839 3956 officium
859 3909 938 3955 cum
958 3890 1115 3956 maxima
1131 3908 1184 3955 re·

81 3999 342 4071 sponsatilitate
357 4000 589 4080 conjunctum
605 4000 741 4083 absque
756 3999 882 4064 mediis
897 4005 933 4062 et
950 3997 1185 4062 facultatibus

82 4108 280 4172 necessariis
310 4127 376 4191 pro
395 4113 494 4173 recte
511 4107 676 4172 obeundo
696 4125 844 4172 munere
873 4108 1040 4190 imposito
1070 4123 1113 4170 ac
1130 4124 1184 4169 sn·

82 4217 201 4295 scepto.
222 4215 454 4300 Quapropter
488 4215 700 4280 Tridentina
718 4213 883 4298 synodus
903 4216 965 4279 ait:
992 4216 1185 4281 Romanum

82 4316 261 4410 Pontificem
277 4338 328 4388 nx
345 4337 514 4416 nunnius
527 4337 587 4388 sur
605 4335 756 4388 enrrncnc
775 4324 935 4388 debere...
953 4325 1055 4388 bonos
1074 4322 1183 4386 moci-
