3146 4980
793 377 912 436 -418
939 411 971 421 -

400 519 540 602 Object.
558 520 609 585 1.⁸
621 539 667 586 ex
681 521 868 586 traditione
881 521 1008 602 petits:
1021 519 1254 584 Monumenta
1265 518 1440 584 remotis-

193 645 205 664 ·
309 629 423 694 simae
441 628 668 710 antiquitatis
699 626 864 691 fidelibus
881 627 1072 690 vindicant
1100 627 1160 707 jus
1189 624 1445 708 participandi

309 735 571 820 Episcoporum
589 733 773 814 electioni;
790 733 977 796 enimvero
1007 731 1042 796 S.
1057 731 1226 796 Clemens
1239 732 1255 795 I
1268 732 1330 812 (1),
1347 730 1444 796 (lon-

309 843 515 906 stitutioues
529 839 833 922 Apostolicneffl),
849 839 1094 902 Tertullianus
1107 839 1168 919 (3),
1179 837 1335 902 Sanctus
1349 835 1441 902 Cae·

309 947 461 1010 lestinus
479 946 539 1028 (4),
555 944 593 1008 S.
610 945 683 1009 Leo
700 945 852 1026 Magnus
871 945 932 1026 (ὅ),
954 941 1153 1008 Concilium
1174 941 1440 1026 Carthaginen-

309 1070 349 1118 se
381 1051 431 1116 IV
448 1051 508 1133 (6),
524 1051 668 1133 aliaque
687 1051 793 1132 plura
811 1049 986 1132 Concilio,
1016 1050 1145 1114 Patres
1164 1068 1208 1114 ac
1226 1051 1439 1132 Pontifices,

310 1175 404 1241 quae
421 1157 567 1220 nimium
593 1163 689 1220 esset
717 1157 895 1238 proferre,
915 1157 1106 1239 requirunt
1137 1157 1184 1220 ad
1214 1175 1331 1220 novos
1355 1157 1440 1239 Epi·

309 1281 440 1345 scopus
469 1263 656 1344 eligendos
688 1269 725 1326 et
753 1263 1027 1328 constituendos
1048 1265 1231 1328 universae
1258 1261 1441 1328 Ecclesiae

309 1379 446 1457 pratum
462 1371 701 1450 testimouium,
715 1371 828 1434 cuucli
838 1371 964 1454 populi
980 1371 1226 1434 adsistentium
1240 1377 1271 1434 et
1286 1390 1441 1434 aunuen-

310 1480 408 1554 tiam,
427 1478 601 1542 seniorum
613 1478 902 1560 praesidentiam,
933 1478 1084 1541 omniurn
1106 1477 1320 1562 suffrapium
1336 1484 1441 1559 atque

301 1585 488 1671 judicium,
506 1603 709 1648 consensum
730 1581 985 1663 honoratorum,
999 1583 1112 1667 plebis
1144 1589 1258 1647 toturn
1290 1603 1332 1646 ae
1349 1583 1439 1648 desi-

310 1691 457 1766 deriam,
475 1690 602 1753 civium
633 1690 887 1754 conniventiam
904 1697 936 1754 et
952 1710 1141 1770 assensum,
1161 1695 1199 1752 et
1215 1689 1440 1772 quampluri·

310 1811 370 1858 ma
387 1793 421 1856 id
440 1811 565 1874 genus.

400 1900 506 1982 Resp.
532 1899 780 1964 Auctoritates
799 1899 980 1981 objectae,
1014 1901 1160 1984 aliaque
1188 1901 1322 1966 similia
1339 1902 1441 1966 testi·

310 2007 431 2072 rnouia
448 2023 542 2089 quae
553 2005 684 2070 adduci
703 2017 865 2088 possunt,
883 2007 1108 2072 solummodo
1124 2009 1298 2072 evincunt
1316 2009 1352 2073 in
1365 2009 1439 2091 pri-

309 2134 368 2180 rna
386 2113 551 2178 Ecclesia
568 2113 768 2176 obtinuisse
796 2130 934 2177 morem
964 2115 1136 2196 populum
1168 2115 1438 2198 interrogandi,

310 2223 460 2303 ejusque
478 2220 721 2284 testimonium
745 2220 964 2302 exquirendi
982 2221 1018 2284 in
1037 2222 1265 2302 promotione
1290 2221 1439 2302 Episco-

310 2347 450 2410 porum,
470 2326 578 2409 idque
594 2326 807 2408 invaluisse,
824 2343 870 2390 ex
887 2327 1078 2391 voluntate
1094 2328 1206 2410 ipsius
1235 2327 1436 2407 Ecclesiae,

311 2436 356 2496 ad
374 2430 593 2513 implendum
620 2432 792 2496 monitum
809 2431 988 2514 Apostoli,
1007 2433 1155 2498 minime
1180 2443 1303 2498 autem
1320 2433 1438 2497 veluti

311 2538 554 2604 conditionem
585 2539 779 2620 juridicam
813 2547 849 2604 et
887 2542 1121 2605 essentialem
1150 2541 1197 2605 ad
1229 2542 1439 2606 firmitatem

311 2647 499 2711 electionis
527 2647 587 2710 vel
616 2649 780 2712 valorem
812 2649 1014 2712 canonicae
1044 2649 1296 2728 institutionis;
1328 2647 1436 2725 enim,

306 2757 412 2836 jrtxta
428 2771 603 2818 canonem
622 2754 671 2818 IV
690 2753 841 2818 Concilii
868 2755 1020 2819 Nicaeni
1053 2774 1164 2838 supra
1193 2757 1362 2836 relatum,
1378 2757 1437 2840 fir·

309 2862 414 2924 unitus
427 2881 555 2939 cortem,
584 2881 669 2942 quae
686 2861 890 2944 parabantur
912 2881 980 2944 per
1004 2883 1279 2945 unamquamque
1292 2863 1438 2946 prouin-

311 2969 400 3030 riarn
419 2967 586 3048 (ideoque
601 2967 660 3046 jus
674 2967 913 3031 confirmandi
927 2975 963 3032 et
981 2968 1219 3032 consecrandi
1235 2987 1298 3032 seu
1314 2985 1440 3032 conse-

311 3089 415 3134 crare
429 3072 600 3147 ‘farciendil
616 3079 747 3136 tarrtum
762 3075 1024 3156 metropolitano
1040 3075 1254 3139 tribuebatur
1267 3075 1440 3158 episcopo.

401 3175 542 3256 Objcct.
563 3177 627 3240 23¹:
647 3177 716 3240 Sed
733 3179 828 3242 inter
847 3179 968 3242 omnis
1000 3187 1237 3244 monumenta
1264 3181 1441 3262 antiquae

309 3281 515 3346 traditionis
533 3289 784 3363 argumentum
804 3301 891 3348 vere
909 3285 1147 3350 ineluctabile
1166 3305 1231 3368 pro
1250 3303 1362 3350 causa
1375 3303 1439 3368 po-

308 3391 383 3473 puli
403 3392 504 3454 nobis
524 3392 674 3471 praebet
691 3390 725 3454 S.
749 3389 965 3472 Cyprianus,
986 3393 1048 3474 qui
1082 3393 1288 3457 luculenter
1323 3397 1359 3456 et
1377 3393 1441 3456 ab·

305 3483 426 3560 ¹solute
441 3497 562 3560 tradit:
581 3497 665 3579 Ipsa
683 3499 833 3561 rnaaime
848 3500 944 3582 plebs
960 3499 1059 3564 babet
1070 3507 1279 3583 potestatem
1307 3499 1361 3564 ael
1378 3500 1441 3563 eli-

308 3605 410 3688 pandi
428 3605 547 3686 dipuos
580 3603 786 3683 sacerdotes,
807 3605 860 3668 eei
876 3605 1040 3689 iudipnos
1068 3605 1265 3670 recusandi:
1302 3606 1445 3688 quatiet

317 3767 525 3776 ...2—..—...—-——·

381 3911 419 3972 (l)
457 3909 547 3974 Epist.
561 3908 578 3962 l.
590 3908 627 3962 ad
638 3907 697 3962 Gor.
709 3925 786 3962 num.
801 3911 845 3964 44.

382 3983 420 4042 (2)
457 3979 515 4031 Lib.
527 3979 605 4047 vm,
618 3996 679 4046 cap.
691 3981 739 4034 IV.

380 4051 417 4110 (3)
455 4047 684 4118 IuApolcpetico.

382 4121 421 4180 (4)
458 4119 570 4173 Citntus
583 4138 600 4172 a
613 4121 752 4174 Gratiano
763 4138 824 4174 csn.
839 4123 880 4189 1³,
894 4125 959 4178 dist.
974 4129 1017 4180 61.

382 4191 424 4325 3))
457 4189 758 4314 Ὲέρίε).ΧαξΗΙῖρίεοοροε
766 4196 924 4261 prouinciae
946 4193 1105 4252 Viennensis
1117 4196 1148 4251 iu
1163 4193 1267 4252 Gallia.

486 4275 531 4312 an.
635 4303 641 4316 .
