3030 4990
422 469 428 477 .
551 425 727 482 -1lt-

100 566 302 632 terminavit:
326 567 376 632 Ta
392 589 427 632 ea
442 568 567 633 Petras
578 575 608 634 et
624 589 729 654 caper
741 569 829 635 tanc
841 577 983 654 petram
1015 569 1201 636 “exedifica-

98 672 153 757 bo,
169 672 358 740 Ecclesiam
375 695 543 740 meam...
575 675 622 740 Et
656 674 950 761 “qarodcumque„
986 676 1202 763 “ligaveris,

96 801 187 865 anper
208 788 338 846 terram
354 785 420 848 erit
437 783 581 868 ligulam
600 791 631 848 et
643 785 679 848 in
696 784 811 864 coelis,
846 791 877 849 ct
907 782 1202 870 “quodcumque„

99 889 276 974 usolveris„
295 899 546 975 superterram
564 893 632 956 erit
644 891 794 956 solutum
812 899 843 957 ct
859 892 1083 974 incoelesti).
1103 891 1204 975 Ejus·

97 995 178 1059 modi
193 997 435 1062 testimonium
456 997 636 1076 triplicem
651 997 903 1080 probationem
917 998 1021 1062 nobis
1035 998 1203 1083 suppedi-

97 1105 215 1185 tatpro
247 1103 534 1186 independeutia
566 1103 761 1169 Potestatis
792 1103 981 1170 Ecclesiae
1006 1122 1052 1170 ex
1080 1105 1203 1170 verbis

95 1209 274 1296 oedificabo,
288 1211 463 1296 ligaveris,
477 1211 633 1292 solveris,
650 1218 687 1275 et
710 1212 942 1296 quodcumqae
956 1211 1160 1277 deductam:
1177 1217 1203 1294 ⁸)

96 1311 242 1381 Christus
254 1316 291 1381 in
305 1317 468 1382 hocloco
482 1318 698 1401 metaphora
711 1323 816 1383 utens
831 1317 1032 1384 Ecclesiam
1046 1321 1202 1408 aedificio

95 1427 125 1484 at
140 1423 407 1489 tundamentum
425 1423 533 1489 Petro
550 1429 752 1507 comparat,
770 1425 822 1488 ita
839 1428 888 1506 ut,
902 1425 1202 1508 quemadmodum
1265 1493 1274 1508 ,

82 1530 265 1612 Ι(μηιθΙίῐκπ
280 1530 732 1597 aedificatiofundamento
743 1532 952 1597 necessarie
962 1533 1140 1616 innititur,
1151 1534 1204 1601 sic

95 1636 189 1700 etiam
206 1637 385 1718 Ecclesia,
403 1639 554 1722 ejusque
572 1639 794 1718 constitutio,
814 1639 977 1717 regimen
1006 1642 1115 1724 atque
1143 1641 1202 1706 ad-

93 1743 295 1808 ministratio
311 1747 347 1810 in
360 1753 476 1832 petro,
492 1745 560 1810 hoc
578 1752 644 1826 est,
663 1745 701 1809 iu
716 1743 824 1810 Petro
852 1747 1002 1829 ejusque
1019 1764 1202 1812 successo-

93 1850 178 1915 ribus
188 1851 357 1918 Romanis
371 1851 604 1923 Pontificibus
618 1851 739 1917 fulciri
754 1851 923 1917 debeant:
938 1870 1034 1917 nuuc
1052 1871 1153 1936 vero,
1173 1854 1204 1918 si

93 1955 242 2024 Potestas
257 1958 518 2025 Ecclesiastico
536 1978 557 2023 a
578 1959 677 2024 civili
691 1964 788 2024 esset
802 1958 1021 2042 dependens,
1035 1977 1203 2044 sequere-

93 2069 140 2130 tur
155 2065 366 2149 Ecclesiam,
385 2072 514 2130 contra
532 2070 688 2131 mentem
703 2073 739 2130 et
754 2065 1017 2130 institutionem
1034 2067 1090 2130 sui
1103 2066 1202 2132 Divi-

93 2173 121 2234 ni
142 2172 370 2254 Fundatoris,
393 2173 469 2256 jam
495 2191 567 2236 non
597 2189 679 2237 esse
702 2171 890 2237 fundatam
920 2189 1031 2255 super
1057 2172 1203 2239 Petrum

93 2278 146 2343 sed
160 2297 268 2362 super
292 2280 410 2363 Reges
435 2285 472 2344 et
489 2279 676 2362 Principes
701 2277 923 2344 saeculares:
940 2276 967 2365 b)
985 2297 1088 2344 omne
1107 2282 1203 2364 quod

92 2382 166 2470 lipat
180 2394 216 2451 et
233 2389 337 2453 solvit
354 2387 481 2452 Petrus
499 2387 535 2451 in
554 2391 666 2468 terra,
685 2387 807 2451 statim
824 2386 978 2468 ligatum
996 2390 1032 2451 et
1045 2387 1201 2453 solutum

93 2492 122 2556 iu
146 2494 244 2559 coelo
271 2501 407 2577 manet,
434 2494 533 2578 quin,
557 2494 664 2574 Juxta
692 2511 837 2558 sacrum
864 2498 1087 2576 contextum,
1107 2495 1202 2562 inter

93 2605 298 2678 potestatem
326 2601 424 2666 Petri
443 2600 590 2684 ligantis
607 2601 667 2665 vel
696 2601 872 2664 solventis
891 2601 1202 2668 etauctoritatem

92 2703 148 2770 Dei
164 2708 361 2773 sancientis
379 2708 529 2790 ligatum
546 2709 607 2772 vel
626 2709 783 2772 solutum
801 2726 822 2770 a
836 2706 943 2771 Petro
957 2713 1113 2790 ponatur
1126 2710 1202 2772 nul·

93 2812 121 2876 la
136 2815 204 2879 alia
220 2821 384 2897 potestas
401 2816 520 2881 media
539 2815 675 2880 ordinis
694 2816 827 2894 civilis
842 2816 1019 2880 facultate
1033 2817 1202 2900 praedita

40 2913 45 2930 ¹
93 2924 292 2990 moderandi
308 2925 369 2989 vel
387 2925 606 3008 impediendi
624 2925 838 2990 exercitium
856 2925 1047 3007 potestatis
1076 2925 1201 3008 legile-

92 3046 145 3094 rae
174 3032 271 3098 Petri
304 3049 500 3115 eorumque
533 3027 802 3112 successorum
834 3031 910 3112 sed,
942 3032 973 3098 si
1002 3033 1202 3098 auctoritas

92 3134 257 3222 Principis
290 3138 547 3221 Apostolorum
578 3144 688 3224 atque
716 3139 959 3204 Romanorum
988 3138 1201 3206 Pontificum

94 3244 254 3322 penderet
272 3249 488 3327 apotastate
505 3246 618 3328 civili,
635 3246 694 3311 vel
712 3245 870 3330 Regibus
887 3245 1200 3331 subordinaretur,

93 3351 142 3414 vel
169 3370 231 3416 suo
250 3352 352 3416 nutui
381 3355 417 3417 et
433 3353 615 3418 voluntati
643 3369 870 3436 quocumque
900 3351 1005 3417 modo
1022 3353 1199 3437 subesset,

93 3457 316 3536 proculdubio
349 3457 512 3524 Christus
540 3458 715 3524 Dominus
743 3459 780 3522 in
798 3458 1000 3540 Evangelio
1018 3461 1202 3543 exegisset

93 3571 145 3628 aut
158 3565 287 3630 saltem
305 3569 542 3630 memorasset
560 3564 736 3648 ejusmodi
750 3564 1031 3648 beneplacitum,
1051 3583 1200 3632 consen·

95 3685 172 3754 sum,
192 3671 493 3755 approbationem
524 3673 584 3737 vel
610 3672 817 3755 Principum
835 3673 1093 3737 interventum:
1112 3675 1137 3752 ο)
1161 3675 1202 3739 li-

95 3791 158 3842 mes
186 3781 379 3862 potestatis
409 3799 430 3846 a
458 3780 600 3848 Christo
629 3777 737 3848 Petro
766 3781 981 3848 tribuendae
1010 3787 1045 3846 et
1073 3786 1202 3864 postea

94 3899 209 3967 reapse
233 3887 392 3953 collatae
410 3888 622 3972 designatur
638 3908 703 3972 per
722 3888 940 3955 vocabulum
958 3890 1200 3975 quodcumqae,

96 3990 302 4072 adjectivum
327 3997 436 4061 etiam
465 3999 689 4083 prammatice
706 4002 887 4081 sumptum
905 3996 1014 4062 valde
1039 3997 1201 4062 indefini-

97 4099 158 4162 tum
182 4102 217 4164 iu
244 4103 461 4185 gradatione
479 4103 667 4187 indefiniti,
687 4121 829 4170 omnem
858 4105 1123 4188 exceptionem,
1143 4102 1201 4168 de-

97 4241 236 4256 ξ-ω--ι-

159 4347 196 4417 (1)
232 4351 339 4407 ttatth.
349 4369 410 4425 cap.
422 4352 505 4422 XVI,
517 4370 560 4408 vv.
575 4357 606 4406 te
620 4361 648 4408 et
664 4355 704 4405 la.
