3030 4990
547 421 723 482 *149-

92 567 248 632 nonnulla
260 568 469 633 testimonia
481 567 768 634 luculentissima
783 571 818 633 et
831 568 976 652 penitus
991 565 1197 634 decretoria

92 676 312 757 proferemus.

167 788 199 862 a)
244 781 279 848 S.
314 782 536 848 Athanasius
568 779 818 848 Constantium
851 782 1115 866 Imperatorem
1143 785 1196 847 in·

90 904 243 972 crepans,
262 906 304 953 eo
333 889 428 971 qubd
456 887 656 972 Episcopos
681 890 881 956 catholicos
911 889 1021 954 esuis
1051 888 1197 954 sedibus

90 996 248 1077 ejecerat,
268 999 305 1060 et
330 996 465 1060 arianis
483 996 762 1079 subrogaverat,
778 997 830 1061 ita
847 997 1018 1080 loquitur:
1040 995 1125 1073 Quis
1141 1017 1197 1063 ca·

91 1125 150 1168 stoa
163 1104 392 1189 praecipitat
418 1125 434 1169 e
445 1106 584 1189 palatio
616 1104 811 1191 Episcopus
828 1105 1005 1171 mittatur?
1024 1102 1109 1181 Quis
1136 1125 1197 1170 aa·

90 1231 180 1292 qaam
202 1211 351 1276 tradidit
378 1213 516 1278 comites
532 1213 872 1297 inconsideratospue
896 1213 1068 1298 spadarios
1097 1213 1197 1278 eccie-

89 1321 227 1384 siasticis
238 1339 383 1405 praesse
407 1321 526 1384 rebus?
544 1317 770 1396 Quandoaam
799 1343 821 1387 a
836 1321 973 1387 saeculo
996 1341 1052 1386 res
1080 1321 1198 1407 liujus·

89 1427 170 1491 arodi
204 1428 328 1492 audita
363 1429 429 1492 est?
466 1425 694 1502 Quaisdoaam
732 1427 908 1493 Ecclesiae
934 1429 1120 1493 Decretum
1156 1428 1198 1492 ab

89 1533 288 1617 Imperatore
306 1535 439 1619 accepit
451 1536 710 1600 auctoritatem?
724 1535 783 1619 (1).

169 1641 199 1720 t)
245 1640 280 1706 S.
316 1642 527 1706 AmbrosIus
552 1642 597 1705 ad
622 1641 885 1724 Imperatorem
903 1641 1199 1707 Valentinianum

90 1749 135 1812 sic
147 1749 408 1832 alloquebatur:
422 1750 548 1814 Nolite
560 1769 721 1834 pravare,
735 1753 937 1835 imperator,
953 1757 1098 1834 atpates
1119 1757 1148 1814 te
1162 1749 1199 1814 ia

91 1876 124 1918 ea
140 1877 218 1939 quae
235 1857 356 1921 divina
373 1857 641 1940 samtimperiaie
658 1857 800 1941 aliquod
805 1859 869 1943 jas
885 1857 1060 1922 tabere...
1075 1857 1122 1922 ad
1135 1856 1199 1920 im·

87 1971 271 2044 peratorem
288 1965 429 2049 palatia
444 1965 633 2048 pertineat,
651 1965 696 2030 ad
713 1965 926 2031 sacerdotem
950 1964 1111 2029 ecclesiae
1137 1963 1198 2044 (2).

167 2074 196 2152 c)
242 2070 277 2136 S.
299 2070 467 2136 Gelasius
485 2071 586 2154 Papa
603 2069 649 2134 ad
673 2071 908 2136 Anastasium
937 2070 1200 2155 Imperatorem

92 2179 215 2244 scribit:
231 2181 311 2245 Duo
328 2187 417 2260 suat,
435 2180 626 2264 imperator
655 2177 818 2262 Aspasia,
844 2180 966 2265 quibas
986 2177 1200 2264 principati·

93 2293 135 2350 ter
146 2289 290 2354 mundus
317 2287 371 2351 itte
388 2287 530 2371 sepitur,
548 2289 740 2354 auctoritas
752 2309 856 2354 sacra
870 2287 1085 2374 Pontificum,
1101 2291 1133 2351 et
1148 2305 1200 2350 re·

92 2395 169 2478 potis
181 2401 345 2480 potestas,
364 2403 509 2479 atraque
531 2397 761 2481 principalia,
781 2417 945 2482 suprema
961 2403 1119 2481 strapas,
1144 2415 1199 2462 ae-

93 2520 144 2582 que
160 2504 195 2568 ia
212 2503 325 2590 officio
341 2525 402 2570 suo
417 2504 520 2570 alteri
538 2506 688 2571 obaoaia
701 2513 751 2572 est
768 2505 828 2590 (3).

168 2611 203 2689 d)
249 2610 403 2693 Magnus
420 2609 551 2675 Hostus
570 2611 771 2695 Episcopus
790 2611 1032 2678 Cordubensis
1045 2612 1199 2694 impera-

94 2719 194 2780 torem
210 2715 461 2782 Constantium
479 2718 579 2782 hisce
596 2721 793 2784 notissimis
811 2719 934 2785 verbis
961 2724 1109 2784 strenue
1141 2717 1201 2782 ob·

92 2819 260 2904 jurgabat:
274 2824 327 2888 Ne
342 2832 372 2890 te
385 2825 486 2890 rebus
502 2827 648 2890 misceas
661 2828 913 2908 ecciesiasticis,
927 2847 986 2892 aec
1020 2827 1116 2892 mobis
1148 2825 1202 2890 itis

45 2913 53 2938 '
95 2925 127 2990 ds
138 2930 231 2994 rebus
242 2939 436 3016 praecepta
447 2933 601 2997 mardes:
614 2933 674 2996 sed
690 2954 712 2998 a
724 2934 948 3017 aobispotias
960 2917 1199 2998 iaec'ediscas.

98 3031 161 3098 libi
177 3039 271 3104 Deus
288 3039 472 3123 imperium
492 3041 650 3120 tradidit,
664 3043 760 3107 uobis
779 3041 1010 3106 ecclesiastica
1029 3038 1201 3106 concredi·

8 3189 9 3198 ,
96 3139 147 3206 dit.
163 3142 210 3210 Ac
223 3147 507 3231 quemadmodum
526 3150 584 3233 qai
602 3149 663 3212 tibi
677 3151 862 3232 imperium
879 3149 1039 3233 subripit,
1063 3148 1134 3213 Deo
1148 3167 1201 3212 or·

97 3247 216 3318 (liconti
229 3265 412 3340 repapaab
425 3257 475 3319 ita
492 3264 600 3320 metae
619 3277 671 3334 ae,
689 3258 719 3320 si
736 3257 783 3320 ad
800 3263 830 3320 te
859 3257 1091 3320 ecclesiastica
1122 3274 1199 3339 per·

96 3359 209 3442 tratas,
229 3363 345 3447 mopsi
363 3364 521 3428 oriminis
537 3385 618 3428 reas
631 3366 709 3450 fias:
727 3363 909 3444 REDDITE,
938 3363 1113 3444 Scriptum
1138 3369 1199 3442 est,

97 3477 183 3537 Quin
197 3484 293 3535 suar
308 3469 489 3536 Onussam
508 3469 682 3553 Causam,
701 3487 747 3536 nr
776 3487 877 3548 onan
896 3487 994 3536 suar
1012 3471 1084 3535 Dnr
1104 3469 1199 3533 Dae.

98 3571 197 3658 Neque
209 3579 302 3643 robis
320 3578 427 3663 ipitur
445 3585 558 3643 terrae
569 3579 743 3664 imperare
760 3581 849 3662 licet,
867 3600 972 3664 aeque
988 3587 1025 3644 ta
1039 3577 1202 3643 adolendi

99 3675 184 3745 babes
195 3690 398 3766 potestatem
416 3683 475 3768 (4).

10 3785 11 3790 ’
171 3789 222 3854 83.
272 3790 450 3855 Probatur
467 3791 504 3854 3⁰
522 3809 569 3855 ex
585 3793 756 3857 Historia.
778 3792 1011 3856 Monumenta
1045 3788 1200 3854 berilssi-

174 3967 264 3976 ——---

160 4127 195 4194 (l)
229 4131 322 4199 Epist.
335 4129 372 4184 ad
383 4129 534 4186 solitarios.

160 4201 194 4265 ii]
229 4203 319 4270 Epist.
332 4203 399 4272 XX,
412 4221 440 4256 n.
455 4205 496 4255 lt.
507 4201 547 4255 ed,
562 4218 651 4255 issaar.

160 4275 194 4338 it)
229 4275 318 4341 Epist.
331 4273 369 4328 ad
378 4277 474 4328 Anasi.
488 4273 614 4341 imperat,
628 4289 704 4326 antro
718 4277 777 4325 ost.

162 4343 197 4411 ti)
233 4347 316 4414 Apud
326 4347 351 4400 S.
367 4345 506 4400 Athenas.
518 4349 546 4398 iu
561 4344 686 4400 Historia
699 4344 869 4411 arianmam,
882 4359 909 4398 n.
922 4349 945 4398 t.
