3024 4994
759 349 935 408 -252-

377 492 523 578 Duplex
540 513 682 579 quoque
696 497 879 560 sententia
895 494 997 580 viget
1010 510 1120 578 super
1143 491 1212 557 hoc
1229 489 1410 574 peculiari

284 599 417 682 capite:
451 601 511 684 qui
539 601 829 682 jurisdictionem
870 600 1115 685 episcopalem
1147 597 1357 664 immediate
1389 613 1411 660 a

283 705 458 772 Pontiflce
476 711 657 790 repetunt,
683 707 890 772 inficiantur
915 705 1171 772 necessitatem
1204 703 1411 787 Episcopus

284 831 355 878 nou
372 812 626 877 residentiales
645 813 691 877 ud
708 811 907 878 Concilium
926 813 1168 894 convocandi,
1187 813 1286 894 quia,
1303 810 1412 892 juxta

283 917 394 1001 ipsos,
404 917 472 982 hoc
486 918 662 984 coalescit
680 935 724 982 ex
742 917 928 983 Ecclesiae
943 917 1166 1000 Pastoribus,
1181 917 1248 981 suh
1262 934 1335 999 quo
1349 932 1410 980 no·

284 1024 380 1088 mine
393 1028 532 1089 tantum
547 1025 699 1090 veniunt
712 1024 883 1109 Episcopi
903 1022 1171 1105 residentiales,
1181 1023 1243 1106 qui
1253 1023 1331 1103 jam
1345 1037 1412 1104 per

285 1129 572 1213 designationem
585 1130 761 1197 dioecesis
767 1131 1055 1214 jnrisdictionem
1067 1130 1247 1196 actualem
1258 1145 1410 1212 accepe-

283 1241 379 1319 runt,
395 1243 432 1302 et
448 1237 528 1302 veri
540 1238 710 1302 Pastores
723 1241 911 1322 putantur;
929 1236 989 1322 qui
1004 1243 1126 1302 autem
1143 1235 1411 1301 derivationem

284 1342 445 1408 divinam
458 1343 723 1426 jnrisdictionis
737 1344 947 1428 detendunt,
964 1363 1029 1428 pro
1044 1343 1264 1410 necessitate
1278 1359 1411 1408 convo·

285 1451 441 1516 cationis
455 1453 625 1536 militant,
641 1453 738 1536 quia,
757 1454 873 1535 ajunt,
892 1451 1093 1518 Concilium
1111 1451 1296 1518 Generale
1329 1469 1409 1516 con·

285 1561 384 1623 stare
406 1557 541 1622 debere
573 1559 738 1624 omnibus
771 1559 961 1642 Episcopis
992 1558 1154 1642 legitime
1171 1557 1409 1638 consecratis,

285 1665 359 1747 qui,
377 1665 518 1730 etiamsi
536 1682 601 1748 per
619 1667 904 1749 assignationem
928 1665 1154 1732 subditorum
1171 1665 1333 1731 nondum
1364 1663 1409 1728 ad

284 1773 876 1855 participationemsollicitudinis
908 1774 946 1839 in
977 1771 1138 1856 regendo
1170 1773 1296 1838 vocati
1324 1772 1408 1851 sint,

285 1877 515 1943 nihilominus
533 1897 598 1962 per
616 1880 814 1961 legitimam
846 1880 1160 1946 consecrationem
1195 1878 1233 1942 in
1267 1881 1409 1960 partem

285 1985 446 2066 ejusdem
464 1986 717 2052 sollicitudinis
749 1987 879 2052 adsciti
908 1991 1003 2068 sunt,
1024 1987 1106 2051 aliis
1124 1985 1254 2051 officiis
1285 1990 1323 2048 et
1338 2001 1406 2048 mu·

285 2093 651 2176 neribusiungentes‚
666 2095 796 2159 saltem
813 2092 1069 2176 coadjuvando
1102 2109 1166 2176 per
1197 2091 1409 2156 exercitium

286 2201 478 2281 potestatis
492 2199 641 2266 ordinis.

375 2305 555 2391 Quidquid
569 2307 616 2372 sit
633 2307 677 2372 de
691 2307 759 2372 hac
788 2309 1004 2392 quaestione
1034 2305 1197 2372 theorice
1230 2310 1408 2389 spectata,

286 2413 323 2476 ln
342 2415 448 2496 praxi
466 2413 635 2497 Episcopi
651 2413 832 2480 Titulares
846 2414 893 2479 ad
907 2411 1073 2479 Concilio
1086 2411 1265 2478 advocari
1282 2413 1407 2477 solent.

677 2772 940 2840 ARTIOULUS
958 2775 1022 2840 XI.

733 3021 972 3074 SUMMARIUM.

290 3201 347 3251 155.
371 3197 493 3260 Quintus
505 3201 660 3256 character:
677 3199 808 3254 Potestas
832 3201 976 3256 Ecclesiae
989 3199 1313 3256 estEnucr1VA.·-156.
1334 3199 1411 3252 Notio

362 3269 912 3326 illectionis—167.Animadversiones
934 3275 1176 3341 praevisa—168.
1198 3273 1410 3326 Demonstretur

359 3355 377 3391 a
387 3341 474 3405 priori
490 3341 663 3396 Potestntcm
676 3339 887 3396 iurisdictionis
900 3361 965 3398 esee
977 3348 1006 3398 in
1021 3345 1148 3398 Ecclesia
1157 3344 1409 3398 elocutam-lit.

363 3409 495 3465 Probutio
508 3429 543 3465 ex
557 3415 632 3468 tacto
655 3414 777 3479 positivo
797 3415 1056 3484 desumpta-160.
1077 3417 1163 3469 Levis
1175 3414 1355 3468 adumbratio
1375 3411 1410 3464 hi-

359 3483 462 3535 storica
475 3485 620 3538 electionis
631 3484 796 3537 Pontificius
811 3489 903 3540 -161,
918 3488 1017 3541 Brevis
1027 3488 1164 3556 synopsis
1188 3488 1337 3540 electionis
1354 3484 1410 3550 Epi·
1498 3543 1499 3552 ἒ

361 3555 588 3619 scopulis-162.
603 3557 647 3609 An
662 3555 765 3607 Beatus
780 3555 882 3610 Petrus
896 3559 922 3610 S.
944 3558 1124 3612 Clementem
1138 3562 1170 3610 ut
1186 3560 1251 3626 ejus
1273 3558 1411 3609 successo·
1498 3577 1499 3596 ³

361 3637 420 3674 rem
431 3623 731 3689 designaverit-reu.
752 3627 795 3678 An
807 3627 919 3687 Summi
932 3627 1089 3682 Pontifices
1109 3645 1195 3682 suum
1220 3630 1412 3683 successorem

362 3694 464 3758 eligere
496 3698 648 3762 possint·
663 3699 722 3750 164.
762 3697 885 3758 Quinam
907 3702 971 3767 jura
997 3701 1123 3768 eligendi
1154 3699 1411 3767 poliemus-idi.

364 3764 463 3816 Utrum
475 3768 522 3832 jus
537 3767 739 3836 Patriarchale,
751 3769 915 3824 Primatiale
937 3772 983 3825 rel
1002 3771 1249 3839 lletropoliticum
1262 3771 1411 3838 Episcopoe

363 3835 546 3889 confirmandi
560 3844 731 3906 potestatem
747 3839 806 3892 ER.
824 3839 998 3896 Pontificum
1013 3843 1068 3897 hac
1079 3857 1168 3910 super
1179 3857 1210 3896 re
1225 3841 1346 3896 laeserit.

385 4025 457 4090 155.
506 4031 605 4097 Inter
621 4036 839 4118 praecipuos
858 4039 1106 4124 characteres,
1138 4041 1201 4124 qui
1229 4041 1266 4106 in
1296 4039 1410 4105 Eccle-

295 4127 443 4194 siastica
463 4132 646 4202 Potestate
661 4141 833 4225 eminent,
848 4145 1088 4226 proculdubio
1103 4149 1293 4214 recenseri
1306 4161 1409 4212 mere·

295 4237 353 4297 tur
379 4237 537 4316 ejusdem
567 4241 690 4312 titulus
715 4267 778 4315 seu
811 4253 1006 4336 adquisitio
1040 4259 1108 4324 suh
1137 4257 1210 4324 hac
1244 4253 1410 4344 explicita
1496 4319 1497 4348 ἶ
