3030 4990
785 401 962 458 -118-

311 546 406 631 qudd
434 546 597 612 falsitate
626 545 783 610 laborat.
804 543 931 626 Quoad
956 545 1109 628 primum
1140 546 1232 610 false
1256 547 1424 612 asseritur

317 655 572 720 auctoritatem
590 651 778 716 fallibilero
797 651 975 734 Principis
991 653 1137 716 minime
1154 671 1262 735 posse
1289 653 1425 738 religio·

310 779 392 826 nem
411 760 593 842 ordinare3
613 779 683 824 non
709 761 843 842 poterit
861 760 1008 842 negotia
1025 759 1197 842 religiosa
1213 778 1424 844 componere

310 868 490 952 exigendo
505 867 710 932 absolutum
724 883 911 932 assensum
925 871 1034 949 atque
1044 883 1260 932 consensum
1271 868 1308 932 in
1321 867 1423 932 omni-

310 976 389 1058 bus;
409 979 447 1041 at
471 979 571 1040 certe
588 975 722 1057 poterit
754 973 888 1039 cultum
918 973 1101 1058 publicum
1128 973 1371 1040 determinare
1393 982 1426 1038 ct

311 1087 414 1148 actus
431 1081 618 1164 religionis
631 1080 845 1164 praecipere
863 1079 1042 1163 exigendo
1060 1079 1303 1146 obedientiam
1321 1082 1423 1163 iniis,

311 1205 405 1271 quae
418 1187 551 1252 rationi
568 1205 639 1252 non
653 1186 919 1252 contradicunt.

399 1291 455 1358 Ad
482 1293 766 1376 patresfamilias
792 1293 887 1376 quod
919 1294 1062 1374 attinet,
1083 1295 1156 1376 qui,
1177 1297 1216 1358 ut
1243 1295 1345 1376 aJunt
1370 1313 1424 1378 pa-

310 1401 553 1465 trocinatores
578 1399 683 1482 hujus
699 1401 916 1483 sententiae,
932 1403 1128 1484 antequam
1146 1401 1354 1483 impellente
1370 1419 1424 1466 ne·

312 1508 483 1606 cessitate
500 1507 535 1572 in
553 1507 767 1572 societatem
785 1508 1002 1590 coaluerint,
1021 1512 1128 1572 erant
1144 1509 1181 1572 in
1198 1512 1295 1574 statu
1313 1515 1424 1574 extra·

310 1614 439 1678 sociali
455 1613 665 1678 sacerdotes
694 1631 782 1678 suae
806 1614 980 1695 familiae,
999 1617 1035 1678 et
1063 1615 1230 1697 quamvis
1256 1613 1425 1680 adsociati

311 1722 497 1806 propriam
525 1721 844 1805 independentiam
872 1722 908 1787 in
933 1720 1102 1787 civilibus
1127 1722 1423 1802 renuntiaverint,

311 1847 383 1893 non
410 1833 533 1893 tamen
549 1827 794 1894 sacerdotium
811 1846 879 1894 nec
895 1829 1052 1912 patriam
1069 1832 1288 1911 potestatem
1305 1828 1424 1892 amise-

311 1938 408 2000 runt.
442 1935 483 2000 In
515 1935 584 2000 hoc
612 1939 827 2018 argumento
861 1935 1010 2000 confuse
1042 1951 1086 1998 ac
1119 1933 1425 2000 indiscriminatim

312 2049 534 2125 usurpantur
547 2049 621 2106 tres
639 2042 827 2124 religionis
844 2047 1044 2126 respectus,
1064 2059 1153 2125 quos
1167 2041 1332 2124 diligenti
1345 2058 1426 2106 cura

312 2149 535 2232 distinguere
560 2167 710 2215 necesse
735 2157 801 2214 est.
815 2149 961 2233 ,Religio
990 2147 1215 2214 considerari
1243 2151 1362 2231 potest
1377 2165 1425 2212 re-

312 2258 386 2322 late
415 2258 462 2322 ad
493 2257 732 2338 individuum,
751 2257 928 2323 familiam
957 2263 993 2322 et
1021 2257 1221 2338 civitatem;
1236 2257 1312 2338 Jam
1328 2272 1424 2335 vero,

312 2364 441 2446 religio
460 2363 735 2430 individualiter
753 2369 921 2448 spectata
939 2369 994 2430 est
1010 2365 1194 2448 negotium
1218 2381 1365 2448 prorsus
1381 2363 1425 2426 in·

313 2457 510 2553 dividuale‚
529 2476 639 2554 atque
657 2473 842 2555 proprium
856 2473 1092 2554 singulorum,
1111 2471 1279 2554 quamvis
1296 2475 1424 2552 patres,

313 2595 355 2642 co
373 2579 451 2661 ipso
476 2578 571 2661 qudd
588 2597 712 2644 curam
737 2579 892 2644 filiorum
911 2577 1128 2643 naturaliter
1144 2577 1356 2660 suscipiant,
1373 2575 1425 2640 do·

313 2705 380 2752 nec
397 2688 463 2752 sub
481 2705 604 2752 eorum
618 2691 801 2770 potestate
818 2693 913 2769 sunt,
929 2705 991 2752 eos
1005 2689 1041 2751 in
1056 2686 1233 2769 religione
1246 2685 1425 2752 instituere

313 2795 494 2877 tenentur3
513 2795 543 2859 si
568 2803 691 2860 autem
709 2795 746 2860 in
764 2794 890 2859 ordine
907 2793 1091 2876 familiari,
1111 2793 1181 2859 hoc
1197 2798 1264 2876 est,
1298 2793 1362 2858 sub
1378 2807 1425 2855 rc·

313 2908 440 2983 spectu
455 2901 641 2966 societatis
660 2902 881 2966 domesticae
898 2902 1026 2984 religio
1041 2900 1267 2984 inspiciatur,
1286 2901 1363 2982 ejus
1378 2915 1425 2962 or-

313 3008 450 3072 dinatio
475 3026 541 3091 pro
566 3008 736 3073 membris
765 3008 951 3074 societatis
970 3008 1161 3072 familiaris
1186 3011 1294 3090 atque
1318 3007 1425 3072 deter-

314 3114 462 3178 minatio
492 3115 630 3180 lormae
664 3115 852 3197 practicae
881 3116 997 3180 cultus
1029 3113 1191 3198 religiosi
1219 3113 1265 3178 ad
1293 3119 1425 3198 patrem

268 3205 269 3210 ¹
314 3222 511 3302 pertinent,
530 3223 599 3286 nisi
617 3221 714 3286 Deus
732 3221 830 3286 aliud
848 3223 1092 3288 sacerdotium
1109 3226 1260 3304 statuat,
1275 3226 1311 3286 et
1326 3221 1426 3286 etiam

315 3333 400 3392 tunc
425 3328 602 3410 quaedam
633 3329 889 3394 attributiones
907 3331 1002 3413 patri
1032 3333 1246 3394 reservatae
1275 3329 1424 3404 maneut;

315 3435 470 3518 denique
486 3437 551 3500 sub
565 3440 714 3520 aspectu
734 3437 834 3501 civili
852 3441 914 3502 aut
931 3436 1118 3501 socialiter
1134 3439 1278 3501 attenta
1293 3434 1425 3516 religio·

313 3562 373 3625 ne,
391 3543 565 3627 Princeps
591 3543 673 3624 jure
704 3543 819 3626 pollet
847 3561 919 3607 non
948 3544 1064 3608 solum
1094 3561 1174 3609 eam
1205 3539 1424 3620 defendendi,

315 3649 408 3712 sicut
425 3649 597 3732 supplere
614 3653 651 3713 et
664 3648 849 3731 corrigere
861 3648 962 3713 valet
975 3649 1091 3731 ipsam
1105 3649 1358 3714 auctoritatem
1371 3663 1426 3729 pa·

314 3760 469 3840 ternam,
489 3775 615 3822 verum
644 3757 753 3821 etiam
778 3775 843 3840 pro
872 3761 974 3822 recto
999 3757 1159 3822 civitatis
1177 3757 1316 3840 ordine,
1335 3755 1426 3837 eujus

316 3880 404 3927 cura
432 3865 486 3929 illi
515 3865 707 3928 commissa
735 3870 803 3947 est,
823 3865 957 3929 cultum
975 3865 1160 3948 publicum
1188 3859 1426 3948 praecipiendi

316 3987 360 4033 ec
379 3971 589 4035 moderandi
607 3972 737 4035 saltem
755 3971 977 4055 devolutive,
997 3991 1078 4038 cum
1095 3973 1228 4055 singuli
1260 3971 1397 4058 patresl
1416 4003 1426 4014 ·

315 4077 434 4143 milies
452 4077 534 4142 huic
548 4079 716 4161 publicae
730 4079 940 4144 necessitati
954 4079 1150 4162 providere
1164 4085 1357 4164 nequeant.

404 4183 458 4248 59.
508 4185 673 4250 Exclusis
687 4187 796 4268 igitur
826 4185 887 4269 Li,
914 4185 963 4250 2.·
979 4191 1016 4249 et
1031 4187 1083 4252 4.⁸
1100 4187 1294 4272 sententia,
1314 4187 1426 4270 utpote

316 4290 440 4354 solidis
458 4293 680 4372 argumentis
713 4293 905 4374 destitutis,
935 4291 988 4356 3.⁸
1005 4297 1145 4361 tantum
1162 4295 1267 4359 nobis
1295 4296 1426 4364 videtur
