<?xml version="1.0" encoding="UTF-8"?>
<!DOCTYPE html PUBLIC "-//W3C//DTD XHTML 1.0 Transitional//EN"
    "http://www.w3.org/TR/xhtml1/DTD/xhtml1-transitional.dtd">
<html xmlns="http://www.w3.org/1999/xhtml" xml:lang="en" lang="en">
 <head>
  <title>
</title>
<meta http-equiv="Content-Type" content="text/html;charset=utf-8" />
  <meta name='ocr-system' content='tesseract 3.04.00' />
  <meta name='ocr-capabilities' content='ocr_page ocr_carea ocr_par ocr_line ocrx_word'/>
</head>
<body>
  <div class='ocr_page' id='page_1' title='image "./juspublicumeccl01ferngoog_0267.png"; bbox 0 0 3024 4994; ppageno 0'>
   <div class='ocr_carea' id='block_1_1' title="bbox 798 361 975 424">
    <p class='ocr_par' dir='ltr' id='par_1_1' title="bbox 798 361 975 424">
     <span class='ocr_line' id='line_1_1' title="bbox 798 361 975 424; baseline 0.011 -2"><span class='ocrx_word' id='word_1_1' title='bbox 798 361 975 424; x_wconf 80' lang='lat' dir='ltr'>-nte-</span> 
     </span>
    </p>
   </div>
   <div class='ocr_carea' id='block_1_2' title="bbox 327 505 1446 700">
    <p class='ocr_par' dir='ltr' id='par_1_2' title="bbox 327 505 1446 700">
     <span class='ocr_line' id='line_1_2' title="bbox 328 505 1446 594; baseline 0.001 -19"><span class='ocrx_word' id='word_1_2' title='bbox 328 505 512 576; x_wconf 86' lang='lat' dir='ltr'>contraria</span> <span class='ocrx_word' id='word_1_3' title='bbox 529 505 709 573; x_wconf 88' lang='lat' dir='ltr'>sententia</span> <span class='ocrx_word' id='word_1_4' title='bbox 726 507 795 573; x_wconf 92' lang='lat' dir='ltr'>duo</span> <span class='ocrx_word' id='word_1_5' title='bbox 813 511 1065 592; x_wconf 89' lang='lat' dir='ltr'>supponuntur</span> <span class='ocrx_word' id='word_1_6' title='bbox 1078 511 1184 574; x_wconf 85' lang='lat' dir='ltr'>actus</span> <span class='ocrx_word' id='word_1_7' title='bbox 1196 509 1243 576; x_wconf 92' lang='lat' dir='ltr'>ad</span> <span class='ocrx_word' id='word_1_8' title='bbox 1262 511 1446 594; x_wconf 85' lang='lat' dir='ltr'>explican-</span> 
     </span>
     <span class='ocr_line' id='line_1_3' title="bbox 327 613 1442 700; baseline 0.002 -20"><span class='ocrx_word' id='word_1_9' title='bbox 327 614 409 680; x_wconf 91' lang='lat' dir='ltr'>dam</span> <span class='ocrx_word' id='word_1_10' title='bbox 441 616 671 681; x_wconf 88' lang='lat' dir='ltr'>collationem</span> <span class='ocrx_word' id='word_1_11' title='bbox 701 613 964 696; x_wconf 88' lang='lat' dir='ltr'>jurisdictionis</span> <span class='ocrx_word' id='word_1_12' title='bbox 993 616 1228 700; x_wconf 88' lang='lat' dir='ltr'>episcopalis,</span> <span class='ocrx_word' id='word_1_13' title='bbox 1260 619 1442 700; x_wconf 82' lang='lat' dir='ltr'>videlicet,</span> 
     </span>
    </p>
   </div>
   <div class='ocr_carea' id='block_1_3' title="bbox 249 723 1511 4358">
    <p class='ocr_par' dir='ltr' id='par_1_3' title="bbox 327 723 1445 2391">
     <span class='ocr_line' id='line_1_4' title="bbox 328 723 1445 812; baseline 0.002 -24"><span class='ocrx_word' id='word_1_14' title='bbox 328 727 430 789; x_wconf 88' lang='lat' dir='ltr'>actus</span> <span class='ocrx_word' id='word_1_15' title='bbox 443 723 641 812; x_wconf 79' lang='lat' dir='ltr'>pontificius</span> <span class='ocrx_word' id='word_1_16' title='bbox 658 740 878 787; x_wconf 85' lang='lat' dir='ltr'>consecrans</span> <span class='ocrx_word' id='word_1_17' title='bbox 902 723 1167 805; x_wconf 87' lang='lat' dir='ltr'>assignansque</span> <span class='ocrx_word' id='word_1_18' title='bbox 1186 723 1394 806; x_wconf 86' lang='lat' dir='ltr'>dioecesim,</span> <span class='ocrx_word' id='word_1_19' title='bbox 1411 731 1445 790; x_wconf 91' lang='lat' dir='ltr'>et</span> 
     </span>
     <span class='ocr_line' id='line_1_5' title="bbox 328 830 1445 913; baseline 0.001 -18"><span class='ocrx_word' id='word_1_20' title='bbox 328 834 431 896; x_wconf 88' lang='lat' dir='ltr'>actus</span> <span class='ocrx_word' id='word_1_21' title='bbox 456 831 594 894; x_wconf 82' lang='lat' dir='ltr'>dininas</span> <span class='ocrx_word' id='word_1_22' title='bbox 612 831 803 894; x_wconf 85' lang='lat' dir='ltr'>conserens</span> <span class='ocrx_word' id='word_1_23' title='bbox 823 830 1126 913; x_wconf 86' lang='lat' dir='ltr'>jurisdictionem,</span> <span class='ocrx_word' id='word_1_24' title='bbox 1147 831 1207 894; x_wconf 87' lang='lat' dir='ltr'>vel</span> <span class='ocrx_word' id='word_1_25' title='bbox 1233 830 1445 896; x_wconf 89' lang='lat' dir='ltr'>determina·</span> 
     </span>
     <span class='ocr_line' id='line_1_6' title="bbox 328 936 1444 1020; baseline -0.001 -18"><span class='ocrx_word' id='word_1_26' title='bbox 328 939 456 1002; x_wconf 90' lang='lat' dir='ltr'>tamin</span> <span class='ocrx_word' id='word_1_27' title='bbox 481 937 732 1020; x_wconf 81' lang='lat' dir='ltr'>designatione</span> <span class='ocrx_word' id='word_1_28' title='bbox 751 937 939 1019; x_wconf 86' lang='lat' dir='ltr'>dioecesis,</span> <span class='ocrx_word' id='word_1_29' title='bbox 960 937 1020 1001; x_wconf 90' lang='lat' dir='ltr'>vol</span> <span class='ocrx_word' id='word_1_30' title='bbox 1044 936 1175 1000; x_wconf 88' lang='lat' dir='ltr'>saltem</span> <span class='ocrx_word' id='word_1_31' title='bbox 1193 937 1444 1002; x_wconf 90' lang='lat' dir='ltr'>indetermina-</span> 
     </span>
     <span class='ocr_line' id='line_1_7' title="bbox 327 1043 1445 1126; baseline 0 -18"><span class='ocrx_word' id='word_1_32' title='bbox 327 1043 462 1110; x_wconf 90' lang='lat' dir='ltr'>tamin</span> <span class='ocrx_word' id='word_1_33' title='bbox 491 1043 778 1125; x_wconf 88' lang='lat' dir='ltr'>consecratione,</span> <span class='ocrx_word' id='word_1_34' title='bbox 805 1059 898 1126; x_wconf 89' lang='lat' dir='ltr'>quae</span> <span class='ocrx_word' id='word_1_35' title='bbox 923 1047 1051 1126; x_wconf 89' lang='lat' dir='ltr'>postea</span> <span class='ocrx_word' id='word_1_36' title='bbox 1073 1043 1357 1108; x_wconf 89' lang='lat' dir='ltr'>determinanda</span> <span class='ocrx_word' id='word_1_37' title='bbox 1381 1045 1445 1108; x_wconf 91' lang='lat' dir='ltr'>erit</span> 
     </span>
     <span class='ocr_line' id='line_1_8' title="bbox 327 1149 1443 1234; baseline 0.001 -18"><span class='ocrx_word' id='word_1_38' title='bbox 327 1151 425 1216; x_wconf 88' lang='lat' dir='ltr'>facto</span> <span class='ocrx_word' id='word_1_39' title='bbox 444 1150 629 1234; x_wconf 89' lang='lat' dir='ltr'>pontificio</span> <span class='ocrx_word' id='word_1_40' title='bbox 643 1149 904 1233; x_wconf 82' lang='lat' dir='ltr'>designationis</span> <span class='ocrx_word' id='word_1_41' title='bbox 919 1149 1158 1232; x_wconf 88' lang='lat' dir='ltr'>subditorum;</span> <span class='ocrx_word' id='word_1_42' title='bbox 1173 1150 1209 1214; x_wconf 95' lang='lat' dir='ltr'>in</span> <span class='ocrx_word' id='word_1_43' title='bbox 1228 1155 1355 1215; x_wconf 88' lang='lat' dir='ltr'>nostra</span> <span class='ocrx_word' id='word_1_44' title='bbox 1370 1169 1443 1217; x_wconf 91' lang='lat' dir='ltr'>sen·</span> 
     </span>
     <span class='ocr_line' id='line_1_9' title="bbox 327 1256 1443 1340; baseline 0.002 -18"><span class='ocrx_word' id='word_1_45' title='bbox 327 1259 442 1324; x_wconf 88' lang='lat' dir='ltr'>tentia</span> <span class='ocrx_word' id='word_1_46' title='bbox 459 1259 584 1322; x_wconf 89' lang='lat' dir='ltr'>unicus</span> <span class='ocrx_word' id='word_1_47' title='bbox 598 1263 700 1322; x_wconf 86' lang='lat' dir='ltr'>actus</span> <span class='ocrx_word' id='word_1_48' title='bbox 713 1258 859 1340; x_wconf 87' lang='lat' dir='ltr'>ponitur</span> <span class='ocrx_word' id='word_1_49' title='bbox 873 1262 909 1322; x_wconf 90' lang='lat' dir='ltr'>et</span> <span class='ocrx_word' id='word_1_50' title='bbox 921 1256 1135 1340; x_wconf 83' lang='lat' dir='ltr'>admittitur,</span> <span class='ocrx_word' id='word_1_51' title='bbox 1151 1262 1189 1322; x_wconf 89' lang='lat' dir='ltr'>et</span> <span class='ocrx_word' id='word_1_52' title='bbox 1205 1257 1350 1340; x_wconf 90' lang='lat' dir='ltr'>quidem</span> <span class='ocrx_word' id='word_1_53' title='bbox 1368 1259 1443 1324; x_wconf 88' lang='lat' dir='ltr'>sim·</span> 
     </span>
     <span class='ocr_line' id='line_1_10' title="bbox 327 1364 1442 1448; baseline 0 -19"><span class='ocrx_word' id='word_1_54' title='bbox 327 1365 544 1448; x_wconf 89' lang='lat' dir='ltr'>plicissimus</span> <span class='ocrx_word' id='word_1_55' title='bbox 562 1368 598 1429; x_wconf 89' lang='lat' dir='ltr'>et</span> <span class='ocrx_word' id='word_1_56' title='bbox 624 1364 821 1446; x_wconf 77' lang='lat' dir='ltr'>sufficione,</span> <span class='ocrx_word' id='word_1_57' title='bbox 840 1381 982 1447; x_wconf 89' lang='lat' dir='ltr'>nempe,</span> <span class='ocrx_word' id='word_1_58' title='bbox 1001 1364 1224 1429; x_wconf 84' lang='lat' dir='ltr'>interventio</span> <span class='ocrx_word' id='word_1_59' title='bbox 1251 1364 1442 1448; x_wconf 79' lang='lat' dir='ltr'>Pontificio,</span> 
     </span>
     <span class='ocr_line' id='line_1_11' title="bbox 327 1469 1442 1554; baseline -0.002 -18"><span class='ocrx_word' id='word_1_60' title='bbox 327 1471 400 1554; x_wconf 86' lang='lat' dir='ltr'>qui,</span> <span class='ocrx_word' id='word_1_61' title='bbox 420 1471 538 1554; x_wconf 88' lang='lat' dir='ltr'>posita</span> <span class='ocrx_word' id='word_1_62' title='bbox 562 1470 686 1536; x_wconf 91' lang='lat' dir='ltr'>divina</span> <span class='ocrx_word' id='word_1_63' title='bbox 711 1471 937 1536; x_wconf 90' lang='lat' dir='ltr'>institutione</span> <span class='ocrx_word' id='word_1_64' title='bbox 956 1471 1203 1554; x_wconf 90' lang='lat' dir='ltr'>episcopatus,</span> <span class='ocrx_word' id='word_1_65' title='bbox 1222 1469 1267 1534; x_wconf 94' lang='lat' dir='ltr'>de</span> <span class='ocrx_word' id='word_1_66' title='bbox 1296 1471 1442 1553; x_wconf 88' lang='lat' dir='ltr'>plenitu·</span> 
     </span>
     <span class='ocr_line' id='line_1_12' title="bbox 328 1575 1443 1662; baseline 0 -20"><span class='ocrx_word' id='word_1_67' title='bbox 328 1579 410 1642; x_wconf 92' lang='lat' dir='ltr'>dine</span> <span class='ocrx_word' id='word_1_68' title='bbox 438 1579 629 1662; x_wconf 86' lang='lat' dir='ltr'>potestatis</span> <span class='ocrx_word' id='word_1_69' title='bbox 658 1595 681 1640; x_wconf 92' lang='lat' dir='ltr'>a</span> <span class='ocrx_word' id='word_1_70' title='bbox 709 1575 850 1642; x_wconf 83' lang='lat' dir='ltr'>Christo</span> <span class='ocrx_word' id='word_1_71' title='bbox 882 1583 1059 1660; x_wconf 88' lang='lat' dir='ltr'>acceptae</span> <span class='ocrx_word' id='word_1_72' title='bbox 1086 1575 1277 1660; x_wconf 87' lang='lat' dir='ltr'>Episcopis</span> <span class='ocrx_word' id='word_1_73' title='bbox 1307 1585 1443 1659; x_wconf 85' lang='lat' dir='ltr'>partem</span> 
     </span>
     <span class='ocr_line' id='line_1_13' title="bbox 328 1684 1440 1768; baseline -0.001 -19"><span class='ocrx_word' id='word_1_74' title='bbox 328 1685 486 1768; x_wconf 86' lang='lat' dir='ltr'>aliquam</span> <span class='ocrx_word' id='word_1_75' title='bbox 504 1685 720 1768; x_wconf 89' lang='lat' dir='ltr'>impertitur,</span> <span class='ocrx_word' id='word_1_76' title='bbox 741 1689 779 1749; x_wconf 92' lang='lat' dir='ltr'>ut</span> <span class='ocrx_word' id='word_1_77' title='bbox 808 1685 951 1750; x_wconf 91' lang='lat' dir='ltr'>nomine</span> <span class='ocrx_word' id='word_1_78' title='bbox 970 1684 1131 1768; x_wconf 91' lang='lat' dir='ltr'>proprio,</span> <span class='ocrx_word' id='word_1_79' title='bbox 1149 1684 1328 1748; x_wconf 84' lang='lat' dir='ltr'>facultate</span> <span class='ocrx_word' id='word_1_80' title='bbox 1357 1685 1440 1750; x_wconf 91' lang='lat' dir='ltr'>ordi-</span> 
     </span>
     <span class='ocr_line' id='line_1_14' title="bbox 327 1790 1441 1874; baseline 0 -18"><span class='ocrx_word' id='word_1_81' title='bbox 327 1791 431 1856; x_wconf 88' lang='lat' dir='ltr'>naria</span> <span class='ocrx_word' id='word_1_82' title='bbox 455 1796 491 1855; x_wconf 87' lang='lat' dir='ltr'>et</span> <span class='ocrx_word' id='word_1_83' title='bbox 511 1792 593 1872; x_wconf 90' lang='lat' dir='ltr'>jure</span> <span class='ocrx_word' id='word_1_84' title='bbox 611 1790 734 1856; x_wconf 91' lang='lat' dir='ltr'>divino</span> <span class='ocrx_word' id='word_1_85' title='bbox 759 1792 932 1874; x_wconf 90' lang='lat' dir='ltr'>populum</span> <span class='ocrx_word' id='word_1_86' title='bbox 963 1791 1200 1856; x_wconf 87' lang='lat' dir='ltr'>christianum</span> <span class='ocrx_word' id='word_1_87' title='bbox 1224 1792 1262 1856; x_wconf 91' lang='lat' dir='ltr'>in</span> <span class='ocrx_word' id='word_1_88' title='bbox 1291 1791 1441 1858; x_wconf 90' lang='lat' dir='ltr'>dioecesi</span> 
     </span>
     <span class='ocr_line' id='line_1_15' title="bbox 327 1896 1442 1983; baseline 0.003 -22"><span class='ocrx_word' id='word_1_89' title='bbox 327 1896 568 1962; x_wconf 89' lang='lat' dir='ltr'>determinata</span> <span class='ocrx_word' id='word_1_90' title='bbox 582 1904 723 1981; x_wconf 83' lang='lat' dir='ltr'>regant,</span> <span class='ocrx_word' id='word_1_91' title='bbox 739 1917 783 1963; x_wconf 92' lang='lat' dir='ltr'>ac</span> <span class='ocrx_word' id='word_1_92' title='bbox 796 1899 909 1964; x_wconf 88' lang='lat' dir='ltr'>verbo</span> <span class='ocrx_word' id='word_1_93' title='bbox 924 1898 1162 1981; x_wconf 79' lang='lat' dir='ltr'>doctrinaque</span> <span class='ocrx_word' id='word_1_94' title='bbox 1181 1907 1347 1982; x_wconf 87' lang='lat' dir='ltr'>pascant,</span> <span class='ocrx_word' id='word_1_95' title='bbox 1363 1901 1442 1983; x_wconf 91' lang='lat' dir='ltr'>quin</span> 
     </span>
     <span class='ocr_line' id='line_1_16' title="bbox 327 2005 1441 2088; baseline 0.001 -20"><span class='ocrx_word' id='word_1_96' title='bbox 327 2021 476 2069; x_wconf 87' lang='lat' dir='ltr'>necesse</span> <span class='ocrx_word' id='word_1_97' title='bbox 492 2005 539 2069; x_wconf 89' lang='lat' dir='ltr'>sit</span> <span class='ocrx_word' id='word_1_98' title='bbox 552 2005 598 2070; x_wconf 88' lang='lat' dir='ltr'>ad</span> <span class='ocrx_word' id='word_1_99' title='bbox 611 2007 747 2070; x_wconf 85' lang='lat' dir='ltr'>iactum</span> <span class='ocrx_word' id='word_1_100' title='bbox 760 2005 922 2070; x_wconf 90' lang='lat' dir='ltr'>divinum</span> <span class='ocrx_word' id='word_1_101' title='bbox 937 2007 1135 2088; x_wconf 84' lang='lat' dir='ltr'>confugere</span> <span class='ocrx_word' id='word_1_102' title='bbox 1148 2023 1215 2087; x_wconf 90' lang='lat' dir='ltr'>pro</span> <span class='ocrx_word' id='word_1_103' title='bbox 1229 2006 1441 2088; x_wconf 85' lang='lat' dir='ltr'>explicanda</span> 
     </span>
     <span class='ocr_line' id='line_1_17' title="bbox 327 2110 1439 2199; baseline -0.002 -22"><span class='ocrx_word' id='word_1_104' title='bbox 327 2113 363 2177; x_wconf 83' lang='lat' dir='ltr'>in</span> <span class='ocrx_word' id='word_1_105' title='bbox 381 2120 534 2177; x_wconf 85' lang='lat' dir='ltr'>concreto</span> <span class='ocrx_word' id='word_1_106' title='bbox 559 2117 595 2176; x_wconf 89' lang='lat' dir='ltr'>et</span> <span class='ocrx_word' id='word_1_107' title='bbox 619 2113 801 2199; x_wconf 80' lang='lat' dir='ltr'>subjective</span> <span class='ocrx_word' id='word_1_108' title='bbox 815 2110 1070 2194; x_wconf 91' lang='lat' dir='ltr'>jurisdictione</span> <span class='ocrx_word' id='word_1_109' title='bbox 1094 2112 1203 2178; x_wconf 89' lang='lat' dir='ltr'>insita</span> <span class='ocrx_word' id='word_1_110' title='bbox 1231 2115 1268 2176; x_wconf 90' lang='lat' dir='ltr'>et</span> <span class='ocrx_word' id='word_1_111' title='bbox 1285 2115 1439 2196; x_wconf 85' lang='lat' dir='ltr'>propria,</span> 
     </span>
     <span class='ocr_line' id='line_1_18' title="bbox 328 2217 1440 2302; baseline 0.001 -20"><span class='ocrx_word' id='word_1_112' title='bbox 328 2236 399 2302; x_wconf 90' lang='lat' dir='ltr'>qua</span> <span class='ocrx_word' id='word_1_113' title='bbox 427 2236 473 2282; x_wconf 85' lang='lat' dir='ltr'>ex</span> <span class='ocrx_word' id='word_1_114' title='bbox 497 2217 565 2284; x_wconf 92' lang='lat' dir='ltr'>Dei</span> <span class='ocrx_word' id='word_1_115' title='bbox 582 2219 819 2302; x_wconf 88' lang='lat' dir='ltr'>dispositione</span> <span class='ocrx_word' id='word_1_116' title='bbox 844 2217 1004 2300; x_wconf 85' lang='lat' dir='ltr'>gaudent</span> <span class='ocrx_word' id='word_1_117' title='bbox 1022 2217 1193 2302; x_wconf 80' lang='lat' dir='ltr'>Episcopi</span> <span class='ocrx_word' id='word_1_118' title='bbox 1220 2219 1257 2284; x_wconf 92' lang='lat' dir='ltr'>in</span> <span class='ocrx_word' id='word_1_119' title='bbox 1282 2219 1440 2285; x_wconf 80' lang='lat' dir='ltr'>Ecclesia</span> 
     </span>
     <span class='ocr_line' id='line_1_19' title="bbox 328 2324 528 2391; baseline 0 -1"><span class='ocrx_word' id='word_1_120' title='bbox 328 2324 528 2391; x_wconf 81' lang='lat' dir='ltr'>catholica.</span> 
     </span>
    </p>

    <p class='ocr_par' dir='ltr' id='par_1_4' title="bbox 249 2433 1511 3284">
     <span class='ocr_line' id='line_1_20' title="bbox 418 2433 1438 2519; baseline 0.003 -23"><span class='ocrx_word' id='word_1_121' title='bbox 418 2433 492 2497; x_wconf 75' lang='lat'>152.</span> <span class='ocrx_word' id='word_1_122' title='bbox 542 2433 804 2500; x_wconf 81' lang='lat' dir='ltr'>Controversia</span> <span class='ocrx_word' id='word_1_123' title='bbox 832 2434 876 2499; x_wconf 92' lang='lat' dir='ltr'>de</span> <span class='ocrx_word' id='word_1_124' title='bbox 904 2433 1156 2516; x_wconf 89' lang='lat' dir='ltr'>jurisdictione</span> <span class='ocrx_word' id='word_1_125' title='bbox 1185 2434 1438 2519; x_wconf 89' lang='lat' dir='ltr'>Episcoporum</span> 
     </span>
     <span class='ocr_line' id='line_1_21' title="bbox 327 2541 1438 2628; baseline 0.001 -21"><span class='ocrx_word' id='word_1_126' title='bbox 327 2541 393 2608; x_wconf 91' lang='lat' dir='ltr'>sub</span> <span class='ocrx_word' id='word_1_127' title='bbox 411 2549 561 2625; x_wconf 84' lang='lat' dir='ltr'>aspectu</span> <span class='ocrx_word' id='word_1_128' title='bbox 578 2543 740 2608; x_wconf 82' lang='lat' dir='ltr'>historico</span> <span class='ocrx_word' id='word_1_129' title='bbox 759 2546 795 2606; x_wconf 90' lang='lat' dir='ltr'>et</span> <span class='ocrx_word' id='word_1_130' title='bbox 812 2544 932 2608; x_wconf 82' lang='lat' dir='ltr'>critico</span> <span class='ocrx_word' id='word_1_131' title='bbox 949 2546 1129 2626; x_wconf 86' lang='lat' dir='ltr'>spectata,</span> <span class='ocrx_word' id='word_1_132' title='bbox 1149 2543 1252 2608; x_wconf 90' lang='lat' dir='ltr'>nobis</span> <span class='ocrx_word' id='word_1_133' title='bbox 1270 2545 1438 2628; x_wconf 87' lang='lat' dir='ltr'>reliquum</span> 
     </span>
     <span class='ocr_line' id='line_1_22' title="bbox 328 2643 1511 2733; baseline 0.002 -19"><span class='ocrx_word' id='word_1_134' title='bbox 328 2653 383 2714; x_wconf 87' lang='lat' dir='ltr'>est</span> <span class='ocrx_word' id='word_1_135' title='bbox 399 2653 620 2732; x_wconf 85' lang='lat' dir='ltr'>postremum</span> <span class='ocrx_word' id='word_1_136' title='bbox 637 2655 747 2732; x_wconf 89' lang='lat' dir='ltr'>caput</span> <span class='ocrx_word' id='word_1_137' title='bbox 765 2649 870 2731; x_wconf 82' lang='lat' dir='ltr'>huJ&#39;us</span> <span class='ocrx_word' id='word_1_138' title='bbox 896 2651 1109 2732; x_wconf 86' lang='lat' dir='ltr'>complexae</span> <span class='ocrx_word' id='word_1_139' title='bbox 1137 2651 1359 2733; x_wconf 88' lang='lat' dir='ltr'>quaestionis</span> <span class='ocrx_word' id='word_1_140' title='bbox 1385 2668 1437 2714; x_wconf 91' lang='lat' dir='ltr'>ve·</span> <span class='ocrx_word' id='word_1_141' title='bbox 1510 2643 1511 2716; x_wconf 69' lang='lat' dir='ltr'>l</span> 
     </span>
     <span class='ocr_line' id='line_1_23' title="bbox 328 2755 1436 2839; baseline 0.001 -19"><span class='ocrx_word' id='word_1_142' title='bbox 328 2757 477 2839; x_wconf 87' lang='lat' dir='ltr'>stigare;</span> <span class='ocrx_word' id='word_1_143' title='bbox 497 2755 749 2839; x_wconf 88' lang='lat' dir='ltr'>inquirendum</span> <span class='ocrx_word' id='word_1_144' title='bbox 767 2759 868 2822; x_wconf 88' lang='lat' dir='ltr'>venit</span> <span class='ocrx_word' id='word_1_145' title='bbox 896 2757 942 2824; x_wconf 89' lang='lat' dir='ltr'>ad</span> <span class='ocrx_word' id='word_1_146' title='bbox 967 2757 1142 2839; x_wconf 82' lang='lat' dir='ltr'>ejusmoni</span> <span class='ocrx_word' id='word_1_147' title='bbox 1156 2776 1232 2824; x_wconf 91' lang='lat' dir='ltr'>rem</span> <span class='ocrx_word' id='word_1_148' title='bbox 1257 2759 1436 2824; x_wconf 85' lang='lat' dir='ltr'>absolven-</span> 
     </span>
     <span class='ocr_line' id='line_1_24' title="bbox 328 2863 1436 2950; baseline 0.001 -21"><span class='ocrx_word' id='word_1_149' title='bbox 328 2863 411 2930; x_wconf 89' lang='lat' dir='ltr'>dam</span> <span class='ocrx_word' id='word_1_150' title='bbox 428 2864 512 2948; x_wconf 90' lang='lat' dir='ltr'>quid</span> <span class='ocrx_word' id='word_1_151' title='bbox 530 2865 717 2950; x_wconf 68' lang='lat' dir='ltr'>dogmatice</span> <span class='ocrx_word' id='word_1_152' title='bbox 735 2865 962 2930; x_wconf 90' lang='lat' dir='ltr'>sentiendum</span> <span class='ocrx_word' id='word_1_153' title='bbox 979 2865 1025 2930; x_wconf 88' lang='lat' dir='ltr'>sit</span> <span class='ocrx_word' id='word_1_154' title='bbox 1043 2865 1087 2930; x_wconf 92' lang='lat' dir='ltr'>de</span> <span class='ocrx_word' id='word_1_155' title='bbox 1105 2865 1250 2948; x_wconf 89' lang='lat' dir='ltr'>placitis</span> <span class='ocrx_word' id='word_1_156' title='bbox 1263 2866 1436 2947; x_wconf 87' lang='lat' dir='ltr'>theologo·</span> 
     </span>
     <span class='ocr_line' id='line_1_25' title="bbox 249 2971 1436 3054; baseline 0.001 -20"><span class='ocrx_word' id='word_1_157' title='bbox 249 3027 253 3034; x_wconf 92' lang='lat'>.</span> <span class='ocrx_word' id='word_1_158' title='bbox 327 2989 404 3036; x_wconf 92' lang='lat' dir='ltr'>rum</span> <span class='ocrx_word' id='word_1_159' title='bbox 423 2977 459 3036; x_wconf 90' lang='lat' dir='ltr'>et</span> <span class='ocrx_word' id='word_1_160' title='bbox 476 2973 745 3036; x_wconf 87' lang='lat' dir='ltr'>canonistarum</span> <span class='ocrx_word' id='word_1_161' title='bbox 764 2973 857 3036; x_wconf 89' lang='lat' dir='ltr'>inter</span> <span class='ocrx_word' id='word_1_162' title='bbox 871 2989 910 3037; x_wconf 93' lang='lat' dir='ltr'>se</span> <span class='ocrx_word' id='word_1_163' title='bbox 923 2971 1014 3036; x_wconf 85' lang='lat' dir='ltr'>adeo</span> <span class='ocrx_word' id='word_1_164' title='bbox 1029 2973 1176 3054; x_wconf 83' lang='lat' dir='ltr'>dissitis3</span> <span class='ocrx_word' id='word_1_165' title='bbox 1192 2979 1311 3038; x_wconf 91' lang='lat' dir='ltr'>utrum</span> <span class='ocrx_word' id='word_1_166' title='bbox 1324 2981 1436 3038; x_wconf 88' lang='lat' dir='ltr'>rectae</span> 
     </span>
     <span class='ocr_line' id='line_1_26' title="bbox 328 3079 1435 3164; baseline 0.002 -22"><span class='ocrx_word' id='word_1_167' title='bbox 328 3079 410 3143; x_wconf 90' lang='lat' dir='ltr'>tidoi</span> <span class='ocrx_word' id='word_1_168' title='bbox 427 3083 464 3143; x_wconf 91' lang='lat' dir='ltr'>et</span> <span class='ocrx_word' id='word_1_169' title='bbox 493 3080 683 3146; x_wconf 87' lang='lat' dir='ltr'>catholicis</span> <span class='ocrx_word' id='word_1_170' title='bbox 701 3079 888 3164; x_wconf 85' lang='lat' dir='ltr'>principiis</span> <span class='ocrx_word' id='word_1_171' title='bbox 918 3081 1091 3164; x_wconf 77' lang='lat' dir='ltr'>officiant,</span> <span class='ocrx_word' id='word_1_172' title='bbox 1111 3081 1172 3146; x_wconf 89' lang='lat' dir='ltr'>vel</span> <span class='ocrx_word' id='word_1_173' title='bbox 1190 3099 1237 3146; x_wconf 88' lang='lat' dir='ltr'>an</span> <span class='ocrx_word' id='word_1_174' title='bbox 1265 3099 1345 3146; x_wconf 89' lang='lat' dir='ltr'>oum</span> <span class='ocrx_word' id='word_1_175' title='bbox 1361 3082 1435 3162; x_wconf 90' lang='lat' dir='ltr'>dog-</span> 
     </span>
     <span class='ocr_line' id='line_1_27' title="bbox 328 3187 1510 3284; baseline -0.001 -32"><span class='ocrx_word' id='word_1_176' title='bbox 328 3191 424 3252; x_wconf 89' lang='lat' dir='ltr'>mate</span> <span class='ocrx_word' id='word_1_177' title='bbox 442 3187 639 3262; x_wconf 85' lang='lat' dir='ltr'>christiano</span> <span class='ocrx_word' id='word_1_178' title='bbox 657 3191 692 3253; x_wconf 92' lang='lat' dir='ltr'>et</span> <span class='ocrx_word' id='word_1_179' title='bbox 717 3187 904 3254; x_wconf 83' lang='lat' dir='ltr'>Ecclesiae</span> <span class='ocrx_word' id='word_1_180' title='bbox 922 3189 1088 3253; x_wconf 91' lang='lat' dir='ltr'>doctrina</span> <span class='ocrx_word' id='word_1_181' title='bbox 1113 3189 1281 3271; x_wconf 90' lang='lat' dir='ltr'>componi</span> <span class='ocrx_word' id='word_1_182' title='bbox 1298 3193 1433 3272; x_wconf 85' lang='lat' dir='ltr'>queant.</span> <span class='ocrx_word' id='word_1_183' title='bbox 1509 3221 1510 3284; x_wconf 57' lang='lat'>3</span> 
     </span>
    </p>

    <p class='ocr_par' dir='ltr' id='par_1_5' title="bbox 327 3296 1510 3921">
     <span class='ocr_line' id='line_1_28' title="bbox 416 3296 1510 3380; baseline -0.001 -19"><span class='ocrx_word' id='word_1_184' title='bbox 416 3296 519 3361; x_wconf 89' lang='lat' dir='ltr'>Nunc</span> <span class='ocrx_word' id='word_1_185' title='bbox 536 3315 638 3379; x_wconf 90' lang='lat' dir='ltr'>vero,</span> <span class='ocrx_word' id='word_1_186' title='bbox 658 3297 760 3362; x_wconf 91' lang='lat' dir='ltr'>nobis</span> <span class='ocrx_word' id='word_1_187' title='bbox 778 3297 923 3363; x_wconf 88' lang='lat' dir='ltr'>videtur</span> <span class='ocrx_word' id='word_1_188' title='bbox 942 3303 1094 3380; x_wconf 85' lang='lat' dir='ltr'>utraque</span> <span class='ocrx_word' id='word_1_189' title='bbox 1112 3299 1294 3363; x_wconf 88' lang='lat' dir='ltr'>sententia</span> <span class='ocrx_word' id='word_1_190' title='bbox 1311 3301 1434 3380; x_wconf 89' lang='lat' dir='ltr'>absque</span> <span class='ocrx_word' id='word_1_191' title='bbox 1509 3297 1510 3318; x_wconf 66' lang='lat'>¹</span> 
     </span>
     <span class='ocr_line' id='line_1_29' title="bbox 327 3403 1435 3490; baseline -0.001 -21"><span class='ocrx_word' id='word_1_192' title='bbox 327 3404 488 3470; x_wconf 85' lang='lat' dir='ltr'>laesione</span> <span class='ocrx_word' id='word_1_193' title='bbox 505 3403 683 3487; x_wconf 85' lang='lat' dir='ltr'>dogmatis</span> <span class='ocrx_word' id='word_1_194' title='bbox 701 3410 737 3469; x_wconf 88' lang='lat' dir='ltr'>et</span> <span class='ocrx_word' id='word_1_195' title='bbox 756 3405 994 3470; x_wconf 85' lang='lat' dir='ltr'>orthodoxiae</span> <span class='ocrx_word' id='word_1_196' title='bbox 1013 3406 1212 3470; x_wconf 88' lang='lat' dir='ltr'>sustentari</span> <span class='ocrx_word' id='word_1_197' title='bbox 1229 3423 1346 3490; x_wconf 88' lang='lat' dir='ltr'>posse,</span> <span class='ocrx_word' id='word_1_198' title='bbox 1361 3407 1435 3490; x_wconf 88' lang='lat' dir='ltr'>quia</span> 
     </span>
     <span class='ocr_line' id='line_1_30' title="bbox 328 3512 1431 3598; baseline 0.001 -21"><span class='ocrx_word' id='word_1_199' title='bbox 328 3529 576 3596; x_wconf 90' lang='lat' dir='ltr'>quaecumque</span> <span class='ocrx_word' id='word_1_200' title='bbox 609 3512 822 3595; x_wconf 85' lang='lat' dir='ltr'>hypothesis</span> <span class='ocrx_word' id='word_1_201' title='bbox 855 3519 1098 3595; x_wconf 86' lang='lat' dir='ltr'>anteponatur</span> <span class='ocrx_word' id='word_1_202' title='bbox 1127 3519 1163 3579; x_wconf 91' lang='lat' dir='ltr'>et</span> <span class='ocrx_word' id='word_1_203' title='bbox 1192 3517 1431 3598; x_wconf 86' lang='lat' dir='ltr'>amplectatur,</span> 
     </span>
     <span class='ocr_line' id='line_1_31' title="bbox 328 3622 1433 3703; baseline -0.001 -18"><span class='ocrx_word' id='word_1_204' title='bbox 328 3626 427 3685; x_wconf 88' lang='lat' dir='ltr'>sarta</span> <span class='ocrx_word' id='word_1_205' title='bbox 445 3625 615 3703; x_wconf 90' lang='lat' dir='ltr'>tectaque</span> <span class='ocrx_word' id='word_1_206' title='bbox 632 3623 839 3686; x_wconf 88' lang='lat' dir='ltr'>servabitur</span> <span class='ocrx_word' id='word_1_207' title='bbox 859 3622 1040 3686; x_wconf 88' lang='lat' dir='ltr'>catholica</span> <span class='ocrx_word' id='word_1_208' title='bbox 1058 3622 1224 3688; x_wconf 90' lang='lat' dir='ltr'>doctrina</span> <span class='ocrx_word' id='word_1_209' title='bbox 1241 3622 1433 3688; x_wconf 88' lang='lat' dir='ltr'>necessario</span> 
     </span>
     <span class='ocr_line' id='line_1_32' title="bbox 328 3728 1509 3820; baseline 0.001 -28"><span class='ocrx_word' id='word_1_210' title='bbox 328 3729 531 3812; x_wconf 89' lang='lat' dir='ltr'>profitenda</span> <span class='ocrx_word' id='word_1_211' title='bbox 560 3728 658 3794; x_wconf 90' lang='lat' dir='ltr'>circa</span> <span class='ocrx_word' id='word_1_212' title='bbox 685 3746 892 3811; x_wconf 88' lang='lat' dir='ltr'>supremam</span> <span class='ocrx_word' id='word_1_213' title='bbox 916 3729 1067 3795; x_wconf 87' lang='lat' dir='ltr'>Romani</span> <span class='ocrx_word' id='word_1_214' title='bbox 1096 3731 1281 3797; x_wconf 83' lang='lat' dir='ltr'>Pontificio</span> <span class='ocrx_word' id='word_1_215' title='bbox 1304 3729 1432 3815; x_wconf 91' lang='lat' dir='ltr'>jurisdi·</span> <span class='ocrx_word' id='word_1_216' title='bbox 1508 3795 1509 3820; x_wconf 19' lang='grc' dir='ltr'>ἦ</span> 
     </span>
     <span class='ocr_line' id='line_1_33' title="bbox 328 3837 1430 3921; baseline -0.001 -21"><span class='ocrx_word' id='word_1_217' title='bbox 328 3837 484 3901; x_wconf 90' lang='lat' dir='ltr'>ctionem</span> <span class='ocrx_word' id='word_1_218' title='bbox 510 3842 619 3920; x_wconf 90' lang='lat' dir='ltr'>atque</span> <span class='ocrx_word' id='word_1_219' title='bbox 638 3855 763 3902; x_wconf 92' lang='lat' dir='ltr'>veram</span> <span class='ocrx_word' id='word_1_220' title='bbox 789 3838 980 3919; x_wconf 90' lang='lat' dir='ltr'>potestatis</span> <span class='ocrx_word' id='word_1_221' title='bbox 1010 3837 1238 3921; x_wconf 83' lang='lat' dir='ltr'>Episcopalis</span> <span class='ocrx_word' id='word_1_222' title='bbox 1267 3847 1430 3905; x_wconf 85' lang='lat' dir='ltr'>naturam.</span> 
     </span>
    </p>

    <p class='ocr_par' dir='ltr' id='par_1_6' title="bbox 326 3943 1432 4358">
     <span class='ocr_line' id='line_1_34' title="bbox 415 3943 1432 4031; baseline 0.002 -24"><span class='ocrx_word' id='word_1_223' title='bbox 415 3943 553 4009; x_wconf 87' lang='lat' dir='ltr'>Scimus</span> <span class='ocrx_word' id='word_1_224' title='bbox 582 3944 748 4027; x_wconf 88' lang='lat' dir='ltr'>equidem</span> <span class='ocrx_word' id='word_1_225' title='bbox 777 3962 945 4026; x_wconf 87' lang='lat' dir='ltr'>magnam</span> <span class='ocrx_word' id='word_1_226' title='bbox 970 3949 1006 4009; x_wconf 93' lang='lat' dir='ltr'>et</span> <span class='ocrx_word' id='word_1_227' title='bbox 1035 3945 1251 4012; x_wconf 90' lang='lat' dir='ltr'>altissimam</span> <span class='ocrx_word' id='word_1_228' title='bbox 1269 3947 1432 4031; x_wconf 86' lang='lat' dir='ltr'>signitica-</span> 
     </span>
     <span class='ocr_line' id='line_1_35' title="bbox 326 4051 1426 4136; baseline 0.003 -21"><span class='ocrx_word' id='word_1_229' title='bbox 326 4051 460 4116; x_wconf 90' lang='lat' dir='ltr'>tionem</span> <span class='ocrx_word' id='word_1_230' title='bbox 483 4051 619 4116; x_wconf 89' lang='lat' dir='ltr'>habere</span> <span class='ocrx_word' id='word_1_231' title='bbox 635 4051 920 4117; x_wconf 85' lang='lat' dir='ltr'>declarationem</span> <span class='ocrx_word' id='word_1_232' title='bbox 945 4053 1188 4136; x_wconf 87' lang='lat' dir='ltr'>dogmaticam</span> <span class='ocrx_word' id='word_1_233' title='bbox 1207 4057 1426 4123; x_wconf 86' lang='lat' dir='ltr'>Tridentinae</span> 
     </span>
     <span class='ocr_line' id='line_1_36' title="bbox 328 4155 1431 4245; baseline 0.004 -24"><span class='ocrx_word' id='word_1_234' title='bbox 328 4155 475 4240; x_wconf 87' lang='lat' dir='ltr'>Synodi,</span> <span class='ocrx_word' id='word_1_235' title='bbox 494 4159 713 4225; x_wconf 88' lang='lat' dir='ltr'>adstruendo</span> <span class='ocrx_word' id='word_1_236' title='bbox 729 4181 771 4227; x_wconf 89' lang='lat' dir='ltr'>ac</span> <span class='ocrx_word' id='word_1_237' title='bbox 789 4164 1049 4245; x_wconf 89' lang='lat' dir='ltr'>proclamando</span> <span class='ocrx_word' id='word_1_238' title='bbox 1064 4167 1319 4231; x_wconf 87' lang='lat' dir='ltr'>necessitatem</span> <span class='ocrx_word' id='word_1_239' title='bbox 1334 4167 1431 4230; x_wconf 88' lang='lat' dir='ltr'>inter-</span> 
     </span>
     <span class='ocr_line' id='line_1_37' title="bbox 327 4267 1430 4358; baseline 0.006 -32"><span class='ocrx_word' id='word_1_240' title='bbox 327 4269 456 4328; x_wconf 89' lang='lat' dir='ltr'>ventus</span> <span class='ocrx_word' id='word_1_241' title='bbox 488 4267 662 4346; x_wconf 89' lang='lat' dir='ltr'>pontificii</span> <span class='ocrx_word' id='word_1_242' title='bbox 694 4287 758 4350; x_wconf 93' lang='lat' dir='ltr'>pro</span> <span class='ocrx_word' id='word_1_243' title='bbox 792 4271 1037 4352; x_wconf 91' lang='lat' dir='ltr'>assumptione</span> <span class='ocrx_word' id='word_1_244' title='bbox 1069 4273 1341 4358; x_wconf 86' lang='lat' dir='ltr'>Episcoporum;</span> <span class='ocrx_word' id='word_1_245' title='bbox 1375 4267 1430 4335; x_wconf 89' lang='lat' dir='ltr'>sed</span> 
     </span>
    </p>
   </div>
   <div class='ocr_carea' id='block_1_4' title="bbox 0 0 1516 4994">
    <p class='ocr_par' dir='ltr' id='par_1_7' title="bbox 0 0 1516 4994">
     <span class='ocr_line' id='line_1_38' title="bbox 0 0 1516 4994; baseline 0 0"><span class='ocrx_word' id='word_1_246' title='bbox 0 0 1516 4994; x_wconf 95' lang='lat' dir='ltr'> </span> 
     </span>
    </p>
   </div>
  </div>
 </body>
</html>
