3024 4994
789 399 966 460 -266-

318 552 481 630 meatque
499 545 639 610 idoneor
658 545 818 612 Pastor-er
828 545 975 632 singulis
991 543 1156 612 Eccleriit
1163 547 1353 632 praeficere
1373 545 1431 626 (1).

405 651 554 718 Decreta
574 651 798 719 Conciliaria.
818 651 887 718 Pro
912 651 1130 717 vindicando
1156 652 1239 733 jure
1271 651 1431 716 Romano

316 757 480 822 Pontifici
497 758 684 824 exclusive
701 763 931 842 competente
946 759 1097 824 creandi
1128 757 1329 842 Episcopcs
1362 774 1433 822 me·

316 882 460 932 morare
474 865 608 930 suflicit
624 883 783 932 canones
800 866 1042 933 Tridentinos.
1063 865 1243 949 Inprimis
1261 866 1358 931 enim
1390 865 1433 929 ob

317 973 440 1038 oculos
454 972 622 1038 habenda
635 979 690 1038 est
703 991 859 1057 sequens
873 973 1032 1038 delinitio
1045 972 1151 1055 thus
1165 971 1432 1039 Occumenicae

315 1079 463 1163 synodi:
482 1079 613 1165 Siquis
631 1081 774 1163 dicerit,
793 1080 995 1166 Episcopot,
1014 1081 1073 1166 qai
1089 1081 1296 1147 auctoritate
1311 1081 1432 1146 Roma·

317 1189 352 1252 ai
364 1189 540 1274 Pontificio
554 1200 819 1269 assultuum,
835 1208 902 1254 aon
914 1207 985 1253 crae
1001 1187 1170 1274 lapitimot
1194 1195 1226 1253 ct
1240 1208 1339 1253 ceros
1352 1187 1435 1272 Epi·

314 1314 444 1378 tccpor,
462 1294 521 1360 ted
532 1296 728 1382 figmeatum
744 1294 942 1376 humanum,
961 1294 1144 1361 anathema
1161 1296 1207 1360 tit
1220 1293 1280 1379 (2);
1302 1311 1348 1359 cx
1366 1311 1435 1376 qua

315 1398 521 1481 dogmatica
538 1398 745 1465 defiuitione
762 1405 891 1483 aperte
909 1399 1094 1482 colligitur
1112 1399 1273 1465 Romano
1292 1399 1433 1465 Pontifi-

314 1507 346 1572 ci
364 1507 483 1572 inesse
495 1508 847 1590 praestantissimum
860 1509 919 1590 jus
933 1507 1042 1572 nullis
1055 1511 1119 1572 aut
1133 1506 1204 1572 loci
1222 1510 1287 1571 aut
1299 1511 1434 1590 tempo-

314 1613 363 1678 rie
381 1613 553 1679 limitibus
579 1615 892 1697 circumscriptum
909 1613 1122 1680 instituendi
1140 1613 1273 1697 ubique
1291 1612 1435 1696 Episco-

314 1738 391 1805 pos,
413 1723 473 1805 qui
491 1722 643 1806 legitimi
660 1740 705 1788 ac
718 1721 798 1788 veri
811 1721 982 1806 Episcopi
997 1721 1081 1810 sint,
1098 1727 1134 1788 ct
1148 1720 1276 1786 haberi
1291 1720 1433 1787 omnino

314 1827 481 1896 debeant.

402 1935 547 2002 Summa
564 1937 716 2003 Romani
747 1935 931 2002 Pontificis
962 1941 1126 2018 potestas
1157 1934 1204 1999 ad
1236 1933 1433 2018 Episcopos

313 2060 378 2128 per
393 2048 505 2108 totum
522 2042 758 2108 christianum
774 2043 898 2108 orbem
916 2039 1189 2107 constituendos
1203 2041 1434 2107 confirmatur

314 2150 423 2216 etiam
442 2155 551 2233 atque
568 2149 772 2215 illustratur
792 2149 999 2232 insequenti
1016 2164 1169 2213 canone:
1188 2146 1229 2212 st
1249 2149 1327 2232 quic
1342 2149 1433 2213 dioe-

312 2259 372 2339 rr't,
392 2279 458 2340 cca,
477 2259 535 2342 qui
555 2277 615 2322 aec
632 2258 674 2321 ab
688 2255 922 2322 ecclesiastica
939 2263 969 2320 el
982 2255 1150 2322 canonica
1176 2261 1345 2340 potestate
1371 2257 1433 2319 rite
1505 2259 1506 2292 r

314 2377 508 2446 ounrusrr,
528 2363 887 2446 commemorated
919 2363 1061 2429 aliunde
1089 2364 1245 2445 veniunt,
1270 2362 1433 2447 tepittmos

313 2491 384 2536 eote
409 2471 508 2536 Verbi
527 2478 558 2536 at
576 2469 880 2537 decrementorum
896 2471 1091 2552 Mirietrca,
1117 2469 1301 2536 anathema
1313 2471 1358 2535 eit
1376 2467 1431 2550 (3);

309 2577 417 2658 juxta
433 2576 527 2642 hunc
547 2577 793 2644 definitionem
808 2593 951 2660 quoquc
970 2576 1228 2659 dogmaticam,
1249 2592 1351 2641 mera
1375 2575 1431 2640 Or·
1504 2591 1505 2642 l

312 2685 448 2750 dinatio
463 2683 563 2748 nullo
576 2684 681 2749 modo
693 2683 878 2749 sufficiens
892 2689 947 2748 cst
960 2682 1006 2747 ad
1020 2683 1279 2748 auctoritatem
1292 2681 1431 2765 Episco·

312 2792 575 2876 palemvalide
608 2790 866 2874 exercendam,
902 2807 1007 2856 secus
1026 2791 1121 2855 enim
1149 2789 1324 2873 Episcopi
1346 2787 1431 2854 sciri·
1503 2869 1504 2876 ἵ

313 2899 466 2980 amatim,
482 2899 659 2965 haeretici
674 2900 733 2964 rel
746 2898 1051 2964 excommunicati
1064 2915 1110 2963 ea
1122 2899 1307 2980 potestate
1320 2894 1430 2977 legiti-
1503 2921 1504 2978 l

312 3025 369 3070 mc
382 3011 583 3088 uterentur;
600 3005 665 3070 scd
680 3007 830 3088 insuper
843 3005 1052 3071 necessario
1067 3005 1266 3089 requiritur
1276 3003 1432 3086 legitima
1503 2979 1504 3038 i

312 3113 446 3194 litorio,
467 3131 532 3196 per
550 3131 657 3196 quam
671 3113 878 3195 jurisdictio
914 3113 1134 3195 obtineatur,
1169 3113 1312 3196 riteque
1336 3126 1430 3175 exer-

311 3225 449 3283 ceatur.
468 3218 571 3284 Nunc
587 3237 689 3298 vero,
711 3219 969 3302 praestabilita
997 3223 1033 3284 et
1060 3218 1267 3302 dogmatice
1292 3217 1431 3283 delinita

163 3312 185 3321 ”
310 3326 489 3392 Miccionia
506 3328 736 3408 necessitate,
756 3327 792 3390 in
820 3325 987 3391 Ecclesia
1010 3343 1092 3391 osse
1108 3327 1217 3391 debet
1234 3326 1358 3409 aliqua
1374 3341 1429 3406 po·
1502 3307 1503 3370 l

312 3438 425 3498 testas
453 3433 535 3515 jure
585 3434 799 3498 missionem
846 3432 1028 3498 tribuendi
1060 3433 1242 3517 praeditum
1277 3431 1430 3515 alioquin

312 3537 474 3603 Christus
492 3538 679 3604 Ecclesiae
695 3557 785 3603 suae
804 3539 901 3604 haud
917 3540 1007 3605 satis
1023 3539 1278 3622 consuluisset,
1309 3539 1339 3605 si
1364 3554 1429 3602 non
1501 3547 1502 3562 ³

311 3647 539 3728 designasset
567 3649 807 3729 potestatem,
827 3665 849 3710 a
881 3663 954 3728 qua
987 3646 1146 3729 petcnda
1177 3650 1223 3711 et·
1241 3644 1430 3712 obtinenda

311 3759 408 3818 esset
421 3753 555 3818 missio.
575 3753 684 3835 Atqui
701 3753 739 3818 in
755 3753 917 3818 Romano
934 3753 1110 3818 Pontiflce
1128 3769 1174 3818 ex
1190 3753 1262 3819 Dei
1286 3751 1428 3836 disposi-

312 3858 409 3924 tione
424 3857 557 3924 residet
574 3859 759 3942 plenitudo
776 3860 967 3942 potestatis
993 3858 1040 3924 ad
1052 3858 1243 3926 Ecclesiae
1276 3859 1428 3942 regimen
1499 3855 1500 3864 ’

344 4033 495 4040 ο--...-

383 4171 423 4240 (1)
461 4173 534 4228 Sess.
545 4175 653 4242 XXIV,
666 4193 727 4244 cap.
742 4179 764 4230 Ι.

316 4293 318 4298 ,
383 4247 410 4307 (2
461 4243 535 4298 Sese.
547 4245 658 4314 XXIII,
672 4247 823 4316 csp.VIII.

382 4314 409 4382 (e
462 4314 688 4372 Ead.Sees.can.
710 4319 775 4374 Vll.
