<?xml version="1.0" encoding="UTF-8"?>
<!DOCTYPE html PUBLIC "-//W3C//DTD XHTML 1.0 Transitional//EN"
    "http://www.w3.org/TR/xhtml1/DTD/xhtml1-transitional.dtd">
<html xmlns="http://www.w3.org/1999/xhtml" xml:lang="en" lang="en">
 <head>
  <title>
</title>
<meta http-equiv="Content-Type" content="text/html;charset=utf-8" />
  <meta name='ocr-system' content='tesseract 3.04.00' />
  <meta name='ocr-capabilities' content='ocr_page ocr_carea ocr_par ocr_line ocrx_word'/>
</head>
<body>
  <div class='ocr_page' id='page_1' title='image "./juspublicumeccl01ferngoog_0032.png"; bbox 0 0 3120 4988; ppageno 0'>
   <div class='ocr_carea' id='block_1_1' title="bbox 583 439 740 498">
    <p class='ocr_par' dir='ltr' id='par_1_1' title="bbox 583 439 740 498">
     <span class='ocr_line' id='line_1_1' title="bbox 583 439 740 498; baseline 0.013 -16"><span class='ocrx_word' id='word_1_1' title='bbox 583 439 740 498; x_wconf 33' lang='lat'>*13-</span> 
     </span>
    </p>
   </div>
   <div class='ocr_carea' id='block_1_2' title="bbox 110 583 1224 1957">
    <p class='ocr_par' dir='ltr' id='par_1_2' title="bbox 110 583 1224 1957">
     <span class='ocr_line' id='line_1_2' title="bbox 111 583 1219 668; baseline 0.002 -21"><span class='ocrx_word' id='word_1_2' title='bbox 111 601 148 647; x_wconf 93' lang='lat' dir='ltr'>ne</span> <span class='ocrx_word' id='word_1_3' title='bbox 160 583 215 649; x_wconf 89' lang='lat' dir='ltr'>die</span> <span class='ocrx_word' id='word_1_4' title='bbox 231 585 276 648; x_wconf 88' lang='lat'>30</span> <span class='ocrx_word' id='word_1_5' title='bbox 291 583 382 649; x_wconf 85' lang='lat' dir='ltr'>Julii</span> <span class='ocrx_word' id='word_1_6' title='bbox 398 585 484 650; x_wconf 91' lang='lat' dir='ltr'>anni</span> <span class='ocrx_word' id='word_1_7' title='bbox 504 585 589 650; x_wconf 89' lang='grc'>1896</span> <span class='ocrx_word' id='word_1_8' title='bbox 604 585 715 668; x_wconf 89' lang='lat' dir='ltr'>edita,</span> <span class='ocrx_word' id='word_1_9' title='bbox 733 604 874 650; x_wconf 81' lang='lat' dir='ltr'>necnon</span> <span class='ocrx_word' id='word_1_10' title='bbox 891 585 927 649; x_wconf 89' lang='lat' dir='ltr'>iu</span> <span class='ocrx_word' id='word_1_11' title='bbox 946 585 1101 650; x_wconf 88' lang='lat' dir='ltr'>Decrotc</span> <span class='ocrx_word' id='word_1_12' title='bbox 1120 603 1219 649; x_wconf 86' lang='lat' dir='ltr'>erec·</span> 
     </span>
     <span class='ocr_line' id='line_1_3' title="bbox 112 689 1219 776; baseline 0.003 -24"><span class='ocrx_word' id='word_1_13' title='bbox 112 689 207 756; x_wconf 86' lang='lat' dir='ltr'>tionis</span> <span class='ocrx_word' id='word_1_14' title='bbox 225 691 459 756; x_wconf 83' lang='lat' dir='ltr'>Facultatum</span> <span class='ocrx_word' id='word_1_15' title='bbox 490 691 726 776; x_wconf 66' lang='lat' dir='ltr'>&#39;theologiae</span> <span class='ocrx_word' id='word_1_16' title='bbox 745 691 764 756; x_wconf 89' lang='lat' dir='ltr'>J</span> <span class='ocrx_word' id='word_1_17' title='bbox 770 690 844 756; x_wconf 90' lang='lat' dir='ltr'>uris</span> <span class='ocrx_word' id='word_1_18' title='bbox 861 690 1035 757; x_wconf 82' lang='lat' dir='ltr'>Canoniei</span> <span class='ocrx_word' id='word_1_19' title='bbox 1047 710 1091 756; x_wconf 85' lang='lat' dir='ltr'>ac</span> <span class='ocrx_word' id='word_1_20' title='bbox 1104 691 1219 755; x_wconf 90' lang='lat' dir='ltr'>Philo·</span> 
     </span>
     <span class='ocr_line' id='line_1_4' title="bbox 110 789 1218 884; baseline 0.002 -23"><span class='ocrx_word' id='word_1_21' title='bbox 110 797 251 880; x_wconf 76' lang='lat' dir='ltr'>sophiae</span> <span class='ocrx_word' id='word_1_22' title='bbox 268 797 518 864; x_wconf 87' lang='lat' dir='ltr'>Scholasticae</span> <span class='ocrx_word' id='word_1_23' title='bbox 532 817 597 884; x_wconf 92' lang='lat' dir='ltr'>pro</span> <span class='ocrx_word' id='word_1_24' title='bbox 612 789 814 864; x_wconf 79' lang='lat' dir='ltr'>Seminario</span> <span class='ocrx_word' id='word_1_25' title='bbox 847 799 1058 881; x_wconf 89' lang='lat' dir='ltr'>Hispalensi</span> <span class='ocrx_word' id='word_1_26' title='bbox 1086 800 1131 863; x_wconf 89' lang='lat' dir='ltr'>ab</span> <span class='ocrx_word' id='word_1_27' title='bbox 1163 817 1218 863; x_wconf 90' lang='lat' dir='ltr'>ea·</span> 
     </span>
     <span class='ocr_line' id='line_1_5' title="bbox 112 903 1219 989; baseline 0.001 -20"><span class='ocrx_word' id='word_1_28' title='bbox 112 903 182 970; x_wconf 85' lang='lat' dir='ltr'>dem</span> <span class='ocrx_word' id='word_1_29' title='bbox 198 903 233 970; x_wconf 90' lang='lat' dir='ltr'>S.</span> <span class='ocrx_word' id='word_1_30' title='bbox 251 903 544 988; x_wconf 79' lang='lat' dir='ltr'>Congregatione</span> <span class='ocrx_word' id='word_1_31' title='bbox 561 907 618 971; x_wconf 88' lang='lat' dir='ltr'>die</span> <span class='ocrx_word' id='word_1_32' title='bbox 632 907 654 971; x_wconf 90' lang='grc'>4</span> <span class='ocrx_word' id='word_1_33' title='bbox 667 906 821 989; x_wconf 82' lang='lat' dir='ltr'>Augusti</span> <span class='ocrx_word' id='word_1_34' title='bbox 836 906 921 970; x_wconf 87' lang='lat' dir='ltr'>anni</span> <span class='ocrx_word' id='word_1_35' title='bbox 936 905 1019 970; x_wconf 83' lang='grc'><strong>1897</strong></span> <span class='ocrx_word' id='word_1_36' title='bbox 1035 906 1219 988; x_wconf 86' lang='lat' dir='ltr'>expedito,</span> 
     </span>
     <span class='ocr_line' id='line_1_6' title="bbox 112 1011 1221 1097; baseline 0.002 -23"><span class='ocrx_word' id='word_1_37' title='bbox 112 1016 229 1093; x_wconf 90' lang='lat' dir='ltr'>aperte</span> <span class='ocrx_word' id='word_1_38' title='bbox 246 1014 437 1097; x_wconf 90' lang='lat' dir='ltr'>praecepit</span> <span class='ocrx_word' id='word_1_39' title='bbox 454 1015 620 1079; x_wconf 92' lang='lat' dir='ltr'>alumnos</span> <span class='ocrx_word' id='word_1_40' title='bbox 638 1015 676 1078; x_wconf 93' lang='lat' dir='ltr'>in</span> <span class='ocrx_word' id='word_1_41' title='bbox 692 1013 922 1078; x_wconf 82' lang='lat' dir='ltr'>Facultatem</span> <span class='ocrx_word' id='word_1_42' title='bbox 938 1013 959 1078; x_wconf 88' lang='lat' dir='ltr'>J</span> <span class='ocrx_word' id='word_1_43' title='bbox 963 1013 1036 1077; x_wconf 89' lang='lat' dir='ltr'>uris</span> <span class='ocrx_word' id='word_1_44' title='bbox 1070 1011 1221 1078; x_wconf 82' lang='lat' dir='ltr'>Canoni-</span> 
     </span>
     <span class='ocr_line' id='line_1_7' title="bbox 113 1119 1220 1204; baseline 0.002 -22"><span class='ocrx_word' id='word_1_45' title='bbox 113 1119 141 1182; x_wconf 91' lang='lat' dir='ltr'>ci</span> <span class='ocrx_word' id='word_1_46' title='bbox 162 1120 363 1204; x_wconf 89' lang='lat' dir='ltr'>adscriptos</span> <span class='ocrx_word' id='word_1_47' title='bbox 377 1121 493 1203; x_wconf 88' lang='lat' dir='ltr'>primo</span> <span class='ocrx_word' id='word_1_48' title='bbox 505 1140 601 1186; x_wconf 88' lang='lat' dir='ltr'>anuo</span> <span class='ocrx_word' id='word_1_49' title='bbox 618 1120 889 1186; x_wconf 82' lang='lat' dir='ltr'>Institutionum</span> <span class='ocrx_word' id='word_1_50' title='bbox 907 1120 1024 1184; x_wconf 89' lang='lat' dir='ltr'>studio</span> <span class='ocrx_word' id='word_1_51' title='bbox 1044 1120 1142 1185; x_wconf 88' lang='lat' dir='ltr'>Juris</span> <span class='ocrx_word' id='word_1_52' title='bbox 1156 1120 1220 1184; x_wconf 93' lang='lat' dir='ltr'>Pu-</span> 
     </span>
     <span class='ocr_line' id='line_1_8' title="bbox 113 1225 1175 1312; baseline 0 -21"><span class='ocrx_word' id='word_1_53' title='bbox 113 1225 189 1292; x_wconf 89' lang='lat' dir='ltr'>blici</span> <span class='ocrx_word' id='word_1_54' title='bbox 202 1227 451 1292; x_wconf 87' lang='lat' dir='ltr'>Ecclesiastici</span> <span class='ocrx_word' id='word_1_55' title='bbox 465 1228 678 1312; x_wconf 88' lang='lat' dir='ltr'>quotidiana</span> <span class='ocrx_word' id='word_1_56' title='bbox 695 1229 854 1298; x_wconf 88' lang='lat' dir='ltr'>lectione</span> <span class='ocrx_word' id='word_1_57' title='bbox 870 1245 951 1292; x_wconf 89' lang='lat' dir='ltr'>esse</span> <span class='ocrx_word' id='word_1_58' title='bbox 965 1232 1175 1293; x_wconf 89' lang='lat' dir='ltr'>vacaturos.</span> 
     </span>
     <span class='ocr_line' id='line_1_9' title="bbox 195 1335 1222 1419; baseline -0.002 -19"><span class='ocrx_word' id='word_1_59' title='bbox 195 1335 244 1400; x_wconf 80' lang='lat'>15.</span> <span class='ocrx_word' id='word_1_60' title='bbox 295 1336 342 1400; x_wconf 94' lang='lat' dir='ltr'>Ut</span> <span class='ocrx_word' id='word_1_61' title='bbox 360 1335 462 1416; x_wconf 90' lang='lat' dir='ltr'>ordo,</span> <span class='ocrx_word' id='word_1_62' title='bbox 482 1353 590 1419; x_wconf 89' lang='lat' dir='ltr'>quem</span> <span class='ocrx_word' id='word_1_63' title='bbox 608 1337 645 1400; x_wconf 91' lang='lat' dir='ltr'>in</span> <span class='ocrx_word' id='word_1_64' title='bbox 669 1335 898 1418; x_wconf 82' lang='lat' dir='ltr'>expositione</span> <span class='ocrx_word' id='word_1_65' title='bbox 929 1336 1035 1417; x_wconf 90' lang='lat' dir='ltr'>hujus</span> <span class='ocrx_word' id='word_1_66' title='bbox 1065 1335 1222 1418; x_wconf 87' lang='lat' dir='ltr'>discipli-</span> 
     </span>
     <span class='ocr_line' id='line_1_10' title="bbox 115 1441 1222 1525; baseline 0.003 -21"><span class='ocrx_word' id='word_1_67' title='bbox 115 1459 179 1505; x_wconf 88' lang='lat' dir='ltr'>nae</span> <span class='ocrx_word' id='word_1_68' title='bbox 211 1441 336 1506; x_wconf 86' lang='lat' dir='ltr'>stricte</span> <span class='ocrx_word' id='word_1_69' title='bbox 365 1441 606 1524; x_wconf 82' lang='lat' dir='ltr'>servabimus,</span> <span class='ocrx_word' id='word_1_70' title='bbox 630 1443 675 1506; x_wconf 93' lang='lat' dir='ltr'>ab</span> <span class='ocrx_word' id='word_1_71' title='bbox 704 1443 783 1525; x_wconf 90' lang='lat' dir='ltr'>ipso</span> <span class='ocrx_word' id='word_1_72' title='bbox 810 1443 1039 1508; x_wconf 82' lang='lat' dir='ltr'>tractationis</span> <span class='ocrx_word' id='word_1_73' title='bbox 1073 1443 1222 1508; x_wconf 88' lang='lat' dir='ltr'>exordio</span> 
     </span>
     <span class='ocr_line' id='line_1_11' title="bbox 117 1548 1223 1632; baseline 0.002 -20"><span class='ocrx_word' id='word_1_74' title='bbox 117 1548 502 1632; x_wconf 87' lang='lat' dir='ltr'>omnibusinnotescat‚</span> <span class='ocrx_word' id='word_1_75' title='bbox 522 1551 627 1614; x_wconf 90' lang='lat' dir='ltr'>etita</span> <span class='ocrx_word' id='word_1_76' title='bbox 651 1549 835 1614; x_wconf 88' lang='lat' dir='ltr'>candidati</span> <span class='ocrx_word' id='word_1_77' title='bbox 863 1550 961 1615; x_wconf 82' lang='lat' dir='ltr'>luris</span> <span class='ocrx_word' id='word_1_78' title='bbox 991 1549 1130 1614; x_wconf 87' lang='lat' dir='ltr'>Publici</span> <span class='ocrx_word' id='word_1_79' title='bbox 1158 1550 1223 1614; x_wconf 88' lang='lat' dir='ltr'>has</span> 
     </span>
     <span class='ocr_line' id='line_1_12' title="bbox 115 1657 1224 1742; baseline 0.003 -23"><span class='ocrx_word' id='word_1_80' title='bbox 115 1657 371 1738; x_wconf 86' lang='lat' dir='ltr'>praelectiones</span> <span class='ocrx_word' id='word_1_81' title='bbox 388 1658 497 1722; x_wconf 82' lang='lat' dir='ltr'>facile</span> <span class='ocrx_word' id='word_1_82' title='bbox 514 1675 558 1722; x_wconf 92' lang='lat' dir='ltr'>ac</span> <span class='ocrx_word' id='word_1_83' title='bbox 573 1658 743 1722; x_wconf 89' lang='lat' dir='ltr'>distincte</span> <span class='ocrx_word' id='word_1_84' title='bbox 759 1657 952 1742; x_wconf 86' lang='lat' dir='ltr'>complecti</span> <span class='ocrx_word' id='word_1_85' title='bbox 966 1661 1002 1722; x_wconf 91' lang='lat' dir='ltr'>et</span> <span class='ocrx_word' id='word_1_86' title='bbox 1018 1657 1224 1740; x_wconf 87' lang='lat' dir='ltr'>intelligere</span> 
     </span>
     <span class='ocr_line' id='line_1_13' title="bbox 117 1763 1066 1848; baseline 0.001 -20"><span class='ocrx_word' id='word_1_87' title='bbox 117 1769 252 1847; x_wconf 88' lang='lat' dir='ltr'>queant,</span> <span class='ocrx_word' id='word_1_88' title='bbox 279 1781 324 1830; x_wconf 90' lang='lat' dir='ltr'>en</span> <span class='ocrx_word' id='word_1_89' title='bbox 342 1766 470 1848; x_wconf 90' lang='lat' dir='ltr'>paucis</span> <span class='ocrx_word' id='word_1_90' title='bbox 487 1766 611 1832; x_wconf 88' lang='lat' dir='ltr'>verbis</span> <span class='ocrx_word' id='word_1_91' title='bbox 629 1771 776 1830; x_wconf 84' lang='lat' dir='ltr'>textura</span> <span class='ocrx_word' id='word_1_92' title='bbox 792 1765 907 1830; x_wconf 87' lang='lat' dir='ltr'>nostri</span> <span class='ocrx_word' id='word_1_93' title='bbox 924 1763 1066 1848; x_wconf 88' lang='lat' dir='ltr'>Operis.</span> 
     </span>
     <span class='ocr_line' id='line_1_14' title="bbox 195 1873 1223 1957; baseline -0.001 -19"><span class='ocrx_word' id='word_1_94' title='bbox 195 1873 410 1938; x_wconf 88' lang='lat' dir='ltr'>Universum</span> <span class='ocrx_word' id='word_1_95' title='bbox 427 1873 638 1939; x_wconf 84' lang='lat' dir='ltr'>Tractatum</span> <span class='ocrx_word' id='word_1_96' title='bbox 651 1874 688 1938; x_wconf 90' lang='lat' dir='ltr'>in</span> <span class='ocrx_word' id='word_1_97' title='bbox 704 1873 811 1940; x_wconf 80' lang='lat' dir='ltr'>Duas</span> <span class='ocrx_word' id='word_1_98' title='bbox 829 1893 980 1957; x_wconf 88' lang='lat' dir='ltr'>magnas</span> <span class='ocrx_word' id='word_1_99' title='bbox 997 1874 1144 1938; x_wconf 78' lang='lat' dir='ltr'>Pansae</span> <span class='ocrx_word' id='word_1_100' title='bbox 1174 1873 1223 1937; x_wconf 91' lang='lat' dir='ltr'>di-</span> 
     </span>
    </p>
   </div>
   <div class='ocr_carea' id='block_1_3' title="bbox 117 1979 1223 2154">
    <p class='ocr_par' dir='ltr' id='par_1_3' title="bbox 117 1979 1223 2154">
     <span class='ocr_line' id='line_1_15' title="bbox 117 1979 1223 2065; baseline 0.002 -23"><span class='ocrx_word' id='word_1_101' title='bbox 117 1979 270 2064; x_wconf 74' lang='lat' dir='ltr'>vidimuS,</span> <span class='ocrx_word' id='word_1_102' title='bbox 289 1985 327 2046; x_wconf 88' lang='lat' dir='ltr'>et</span> <span class='ocrx_word' id='word_1_103' title='bbox 354 1999 595 2065; x_wconf 88' lang='lat' dir='ltr'>unaquaeque</span> <span class='ocrx_word' id='word_1_104' title='bbox 612 1981 701 2046; x_wconf 92' lang='lat' dir='ltr'>Pars</span> <span class='ocrx_word' id='word_1_105' title='bbox 719 1982 755 2046; x_wconf 90' lang='lat' dir='ltr'>in</span> <span class='ocrx_word' id='word_1_106' title='bbox 773 1980 961 2062; x_wconf 79' lang='lat' dir='ltr'>Quaruca</span> <span class='ocrx_word' id='word_1_107' title='bbox 979 1979 1119 2046; x_wconf 76' lang='lat' dir='ltr'>Carisa</span> <span class='ocrx_word' id='word_1_108' title='bbox 1143 1981 1223 2045; x_wconf 88' lang='lat' dir='ltr'>sub·</span> 
     </span>
     <span class='ocr_line' id='line_1_16' title="bbox 118 2087 308 2154; baseline 0.016 -3"><span class='ocrx_word' id='word_1_109' title='bbox 118 2087 308 2154; x_wconf 85' lang='lat' dir='ltr'>dividimus:</span> 
     </span>
    </p>
   </div>
   <div class='ocr_carea' id='block_1_4' title="bbox 118 2273 1225 2680">
    <p class='ocr_par' dir='ltr' id='par_1_4' title="bbox 118 2273 1225 2680">
     <span class='ocr_line' id='line_1_17' title="bbox 195 2273 1224 2357; baseline 0 -19"><span class='ocrx_word' id='word_1_110' title='bbox 195 2273 291 2340; x_wconf 73' lang='lat' dir='ltr'>Pras</span> <span class='ocrx_word' id='word_1_111' title='bbox 305 2273 430 2339; x_wconf 79' lang='lat' dir='ltr'>rann</span> <span class='ocrx_word' id='word_1_112' title='bbox 445 2275 679 2357; x_wconf 89' lang='lat' dir='ltr'>quaestiones</span> <span class='ocrx_word' id='word_1_113' title='bbox 705 2274 997 2340; x_wconf 83' lang='lat' dir='ltr'>fundamentales</span> <span class='ocrx_word' id='word_1_114' title='bbox 1026 2274 1070 2338; x_wconf 91' lang='lat' dir='ltr'>de</span> <span class='ocrx_word' id='word_1_115' title='bbox 1102 2273 1224 2338; x_wconf 88' lang='lat' dir='ltr'>Eccle-</span> 
     </span>
     <span class='ocr_line' id='line_1_18' title="bbox 118 2379 1225 2465; baseline 0.004 -23"><span class='ocrx_word' id='word_1_116' title='bbox 118 2379 184 2445; x_wconf 86' lang='lat' dir='ltr'>siae</span> <span class='ocrx_word' id='word_1_117' title='bbox 199 2383 337 2448; x_wconf 84' lang='lat' dir='ltr'>Natera</span> <span class='ocrx_word' id='word_1_118' title='bbox 356 2386 391 2446; x_wconf 89' lang='lat' dir='ltr'>et</span> <span class='ocrx_word' id='word_1_119' title='bbox 407 2379 654 2449; x_wconf 78' lang='lat' dir='ltr'>Constitutione</span> <span class='ocrx_word' id='word_1_120' title='bbox 675 2382 950 2465; x_wconf 88' lang='lat' dir='ltr'>complectetur,</span> <span class='ocrx_word' id='word_1_121' title='bbox 982 2381 1136 2464; x_wconf 86' lang='lat' dir='ltr'>ideoque</span> <span class='ocrx_word' id='word_1_122' title='bbox 1160 2381 1181 2446; x_wconf 88' lang='lat' dir='ltr'>J</span> <span class='ocrx_word' id='word_1_123' title='bbox 1185 2400 1225 2445; x_wconf 91' lang='lat' dir='ltr'>us</span> 
     </span>
     <span class='ocr_line' id='line_1_19' title="bbox 119 2486 1224 2572; baseline 0.001 -20"><span class='ocrx_word' id='word_1_124' title='bbox 119 2486 290 2554; x_wconf 90' lang='lat' dir='ltr'>Publicum</span> <span class='ocrx_word' id='word_1_125' title='bbox 306 2489 492 2571; x_wconf 89' lang='lat' dir='ltr'>Divinum,</span> <span class='ocrx_word' id='word_1_126' title='bbox 514 2493 590 2555; x_wconf 91' lang='lat' dir='ltr'>tum</span> <span class='ocrx_word' id='word_1_127' title='bbox 608 2491 801 2572; x_wconf 79' lang='lat' dir='ltr'>Internum,</span> <span class='ocrx_word' id='word_1_128' title='bbox 822 2493 897 2554; x_wconf 94' lang='lat' dir='ltr'>tum</span> <span class='ocrx_word' id='word_1_129' title='bbox 913 2489 1119 2572; x_wconf 79' lang='lat' dir='ltr'>Eaternnm,</span> <span class='ocrx_word' id='word_1_130' title='bbox 1149 2490 1224 2554; x_wconf 91' lang='lat' dir='ltr'>lou·</span> 
     </span>
     <span class='ocr_line' id='line_1_20' title="bbox 119 2597 1183 2680; baseline 0.002 -20"><span class='ocrx_word' id='word_1_131' title='bbox 119 2611 157 2676; x_wconf 82' lang='lat' dir='ltr'>ge</span> <span class='ocrx_word' id='word_1_132' title='bbox 171 2597 313 2680; x_wconf 89' lang='lat' dir='ltr'>lateque</span> <span class='ocrx_word' id='word_1_133' title='bbox 329 2601 500 2679; x_wconf 86' lang='lat' dir='ltr'>exponet.</span> <span class='ocrx_word' id='word_1_134' title='bbox 1181 2615 1183 2618; x_wconf 85' lang='lat'>·</span> 
     </span>
    </p>
   </div>
   <div class='ocr_carea' id='block_1_5' title="bbox 122 2792 1226 3074">
    <p class='ocr_par' dir='ltr' id='par_1_5' title="bbox 122 2792 1226 3074">
     <span class='ocr_line' id='line_1_21' title="bbox 195 2792 1225 2896; baseline -0.001 -38"><span class='ocrx_word' id='word_1_135' title='bbox 195 2793 290 2860; x_wconf 71' lang='lat' dir='ltr'>Pras</span> <span class='ocrx_word' id='word_1_136' title='bbox 307 2793 487 2896; x_wconf 60' lang='lat' dir='ltr'>§nonnus</span> <span class='ocrx_word' id='word_1_137' title='bbox 505 2794 739 2878; x_wconf 89' lang='lat' dir='ltr'>quaestiones</span> <span class='ocrx_word' id='word_1_138' title='bbox 756 2794 936 2877; x_wconf 89' lang='lat' dir='ltr'>speciales</span> <span class='ocrx_word' id='word_1_139' title='bbox 965 2793 1009 2857; x_wconf 90' lang='lat' dir='ltr'>de</span> <span class='ocrx_word' id='word_1_140' title='bbox 1038 2792 1225 2858; x_wconf 80' lang='lat' dir='ltr'>Ecclesiae</span> 
     </span>
     <span class='ocr_line' id='line_1_22' title="bbox 122 2899 1226 2984; baseline 0.004 -22"><span class='ocrx_word' id='word_1_141' title='bbox 122 2899 277 2968; x_wconf 79' lang='lat' dir='ltr'>Potestote</span> <span class='ocrx_word' id='word_1_142' title='bbox 290 2919 355 2968; x_wconf 89' lang='lat' dir='ltr'>seu</span> <span class='ocrx_word' id='word_1_143' title='bbox 375 2919 530 2968; x_wconf 84' lang='lat' dir='ltr'>examen</span> <span class='ocrx_word' id='word_1_144' title='bbox 559 2901 839 2984; x_wconf 89' lang='lat' dir='ltr'>praecipuorum</span> <span class='ocrx_word' id='word_1_145' title='bbox 858 2902 1014 2968; x_wconf 87' lang='lat' dir='ltr'>·Jurinm</span> <span class='ocrx_word' id='word_1_146' title='bbox 1038 2901 1226 2967; x_wconf 84' lang='lat' dir='ltr'>Ecclesiae</span> 
     </span>
     <span class='ocr_line' id='line_1_23' title="bbox 123 3009 318 3074; baseline 0.015 -5"><span class='ocrx_word' id='word_1_147' title='bbox 123 3009 318 3074; x_wconf 90' lang='lat' dir='ltr'>continebit.</span> 
     </span>
    </p>
   </div>
   <div class='ocr_carea' id='block_1_6' title="bbox 198 3183 1046 3400">
    <p class='ocr_par' dir='ltr' id='par_1_6' title="bbox 198 3183 1046 3400">
     <span class='ocr_line' id='line_1_24' title="bbox 198 3183 991 3270; baseline -0.003 -16"><span class='ocrx_word' id='word_1_148' title='bbox 198 3187 293 3254; x_wconf 80' lang='lat' dir='ltr'>Paas</span> <span class='ocrx_word' id='word_1_149' title='bbox 309 3187 433 3252; x_wconf 76' lang='lat' dir='ltr'>Parsia</span> <span class='ocrx_word' id='word_1_150' title='bbox 450 3187 487 3252; x_wconf 90' lang='lat' dir='ltr'>in</span> <span class='ocrx_word' id='word_1_151' title='bbox 505 3190 663 3270; x_wconf 91' lang='lat' dir='ltr'>quatuor</span> <span class='ocrx_word' id='word_1_152' title='bbox 676 3183 807 3270; x_wconf 78' lang='lat' dir='ltr'>Capita</span> <span class='ocrx_word' id='word_1_153' title='bbox 823 3189 991 3270; x_wconf 87' lang='lat' dir='ltr'>partitur:</span> 
     </span>
     <span class='ocr_line' id='line_1_25' title="bbox 199 3312 1046 3400; baseline -0.002 -21"><span class='ocrx_word' id='word_1_154' title='bbox 199 3312 314 3400; x_wconf 81' lang='lat' dir='ltr'>Caput</span> <span class='ocrx_word' id='word_1_155' title='bbox 329 3315 347 3379; x_wconf 96' lang='grc' dir='ltr'>Ι</span> <span class='ocrx_word' id='word_1_156' title='bbox 364 3319 448 3398; x_wconf 84' lang='lat' dir='ltr'>aget</span> <span class='ocrx_word' id='word_1_157' title='bbox 466 3313 510 3378; x_wconf 91' lang='lat' dir='ltr'>dc</span> <span class='ocrx_word' id='word_1_158' title='bbox 522 3315 663 3380; x_wconf 85' lang='lat' dir='ltr'>Natura</span> <span class='ocrx_word' id='word_1_159' title='bbox 670 3314 832 3400; x_wconf 84' lang='lat' dir='ltr'>juridico</span> <span class='ocrx_word' id='word_1_160' title='bbox 847 3313 1046 3378; x_wconf 82' lang='lat' dir='ltr'>Ecclesiae.</span> 
     </span>
    </p>
   </div>
   <div class='ocr_carea' id='block_1_7' title="bbox 122 3437 1228 3738">
    <p class='ocr_par' dir='ltr' id='par_1_7' title="bbox 122 3437 1228 3738">
     <span class='ocr_line' id='line_1_26' title="bbox 199 3437 1226 3526; baseline 0 -21"><span class='ocrx_word' id='word_1_161' title='bbox 199 3437 313 3524; x_wconf 83' lang='lat' dir='ltr'>Caput</span> <span class='ocrx_word' id='word_1_162' title='bbox 329 3439 365 3504; x_wconf 91' lang='lat' dir='ltr'>II</span> <span class='ocrx_word' id='word_1_163' title='bbox 380 3439 534 3504; x_wconf 88' lang='lat' dir='ltr'>disseret</span> <span class='ocrx_word' id='word_1_164' title='bbox 557 3440 602 3504; x_wconf 90' lang='lat' dir='ltr'>dc</span> <span class='ocrx_word' id='word_1_165' title='bbox 616 3441 876 3526; x_wconf 81' lang='lat' dir='ltr'>snndnmenteli</span> <span class='ocrx_word' id='word_1_166' title='bbox 890 3439 1079 3505; x_wconf 87' lang='lat' dir='ltr'>Ecclesiae</span> <span class='ocrx_word' id='word_1_167' title='bbox 1099 3439 1226 3507; x_wconf 77' lang='lat' dir='ltr'>Consti·</span> 
     </span>
     <span class='ocr_line' id='line_1_27' title="bbox 122 3547 1228 3630; baseline 0.004 -22"><span class='ocrx_word' id='word_1_168' title='bbox 122 3547 246 3612; x_wconf 83' lang='lat' dir='ltr'>tutione.</span> <span class='ocrx_word' id='word_1_169' title='bbox 264 3548 307 3612; x_wconf 92' lang='lat' dir='ltr'>In</span> <span class='ocrx_word' id='word_1_170' title='bbox 326 3547 380 3612; x_wconf 89' lang='lat' dir='ltr'>his</span> <span class='ocrx_word' id='word_1_171' title='bbox 397 3547 535 3612; x_wconf 89' lang='lat' dir='ltr'>duobus</span> <span class='ocrx_word' id='word_1_172' title='bbox 554 3548 737 3630; x_wconf 90' lang='lat' dir='ltr'>capitibus</span> <span class='ocrx_word' id='word_1_173' title='bbox 755 3547 775 3612; x_wconf 87' lang='lat' dir='ltr'>J</span> <span class='ocrx_word' id='word_1_174' title='bbox 781 3566 820 3611; x_wconf 88' lang='lat' dir='ltr'>us</span> <span class='ocrx_word' id='word_1_175' title='bbox 838 3547 1026 3612; x_wconf 87' lang='lat' dir='ltr'>Publicum</span> <span class='ocrx_word' id='word_1_176' title='bbox 1060 3548 1228 3612; x_wconf 81' lang='lat' dir='ltr'>Divinum</span> 
     </span>
     <span class='ocr_line' id='line_1_28' title="bbox 123 3655 679 3738; baseline 0.002 -24"><span class='ocrx_word' id='word_1_177' title='bbox 123 3655 217 3735; x_wconf 89' lang='lat' dir='ltr'>atque</span> <span class='ocrx_word' id='word_1_178' title='bbox 232 3655 410 3720; x_wconf 79' lang='lat' dir='ltr'>internam</span> <span class='ocrx_word' id='word_1_179' title='bbox 425 3655 679 3738; x_wconf 82' lang='lat' dir='ltr'>explicabitur.</span> 
     </span>
    </p>
   </div>
   <div class='ocr_carea' id='block_1_8' title="bbox 125 3779 1228 4064">
    <p class='ocr_par' dir='ltr' id='par_1_8' title="bbox 125 3779 1228 4064">
     <span class='ocr_line' id='line_1_29' title="bbox 200 3779 1228 3868; baseline -0.004 -22"><span class='ocrx_word' id='word_1_180' title='bbox 200 3779 313 3865; x_wconf 83' lang='lat' dir='ltr'>Caput</span> <span class='ocrx_word' id='word_1_181' title='bbox 329 3781 383 3846; x_wconf 90' lang='lat' dir='ltr'>III</span> <span class='ocrx_word' id='word_1_182' title='bbox 400 3781 445 3846; x_wconf 90' lang='lat' dir='ltr'>dc</span> <span class='ocrx_word' id='word_1_183' title='bbox 475 3783 713 3848; x_wconf 82' lang='lat' dir='ltr'>Relationibns</span> <span class='ocrx_word' id='word_1_184' title='bbox 738 3782 909 3868; x_wconf 82' lang='lat' dir='ltr'>juridicia</span> <span class='ocrx_word' id='word_1_185' title='bbox 926 3779 1114 3844; x_wconf 88' lang='lat' dir='ltr'>Ecclesiae</span> <span class='ocrx_word' id='word_1_186' title='bbox 1148 3798 1228 3844; x_wconf 86' lang='lat' dir='ltr'>curn</span> 
     </span>
     <span class='ocr_line' id='line_1_30' title="bbox 125 3887 1227 3972; baseline 0.004 -23"><span class='ocrx_word' id='word_1_187' title='bbox 125 3891 262 3955; x_wconf 81' lang='lat' dir='ltr'>caeteris</span> <span class='ocrx_word' id='word_1_188' title='bbox 279 3891 515 3956; x_wconf 89' lang='lat' dir='ltr'>societatibus</span> <span class='ocrx_word' id='word_1_189' title='bbox 533 3889 786 3972; x_wconf 87' lang='lat' dir='ltr'>pertractabit.</span> <span class='ocrx_word' id='word_1_190' title='bbox 807 3889 850 3953; x_wconf 90' lang='lat' dir='ltr'>ln</span> <span class='ocrx_word' id='word_1_191' title='bbox 863 3889 931 3954; x_wconf 92' lang='lat' dir='ltr'>hoc</span> <span class='ocrx_word' id='word_1_192' title='bbox 946 3887 1067 3969; x_wconf 89' lang='lat' dir='ltr'>capito</span> <span class='ocrx_word' id='word_1_193' title='bbox 1080 3889 1145 3954; x_wconf 86' lang='lat' dir='ltr'>Jna</span> <span class='ocrx_word' id='word_1_194' title='bbox 1160 3890 1227 3953; x_wconf 89' lang='lat' dir='ltr'>Pn-</span> 
     </span>
     <span class='ocr_line' id='line_1_31' title="bbox 125 3991 900 4064; baseline 0.006 -9"><span class='ocrx_word' id='word_1_195' title='bbox 125 3991 233 4062; x_wconf 76' lang='lat' dir='ltr'>tticum</span> <span class='ocrx_word' id='word_1_196' title='bbox 244 3998 414 4064; x_wconf 80' lang='lat' dir='ltr'>Divinum</span> <span class='ocrx_word' id='word_1_197' title='bbox 431 4001 468 4061; x_wconf 90' lang='lat' dir='ltr'>et</span> <span class='ocrx_word' id='word_1_198' title='bbox 482 3995 678 4062; x_wconf 75' lang='lat' dir='ltr'>Externum</span> <span class='ocrx_word' id='word_1_199' title='bbox 695 3996 900 4061; x_wconf 87' lang='lat' dir='ltr'>evolvctur.</span> 
     </span>
    </p>
   </div>
   <div class='ocr_carea' id='block_1_9' title="bbox 128 4121 1228 4425">
    <p class='ocr_par' dir='ltr' id='par_1_9' title="bbox 128 4121 1228 4425">
     <span class='ocr_line' id='line_1_32' title="bbox 200 4121 1226 4208; baseline -0.003 -20"><span class='ocrx_word' id='word_1_200' title='bbox 200 4121 313 4208; x_wconf 84' lang='lat' dir='ltr'>Caput</span> <span class='ocrx_word' id='word_1_201' title='bbox 329 4123 380 4188; x_wconf 87' lang='lat' dir='ltr'>IV</span> <span class='ocrx_word' id='word_1_202' title='bbox 396 4127 600 4206; x_wconf 87' lang='lat' dir='ltr'>systemata</span> <span class='ocrx_word' id='word_1_203' title='bbox 618 4125 751 4206; x_wconf 89' lang='lat' dir='ltr'>omnia,</span> <span class='ocrx_word' id='word_1_204' title='bbox 787 4141 880 4206; x_wconf 90' lang='lat' dir='ltr'>quae</span> <span class='ocrx_word' id='word_1_205' title='bbox 913 4123 1012 4188; x_wconf 87' lang='lat' dir='ltr'>eirca</span> <span class='ocrx_word' id='word_1_206' title='bbox 1039 4123 1226 4204; x_wconf 82' lang='lat' dir='ltr'>Naturam,</span> 
     </span>
     <span class='ocr_line' id='line_1_33' title="bbox 128 4223 1228 4310; baseline 0.001 -19"><span class='ocrx_word' id='word_1_207' title='bbox 128 4223 392 4298; x_wconf 65' lang='lat' dir='ltr'>Constantianam</span> <span class='ocrx_word' id='word_1_208' title='bbox 409 4234 445 4295; x_wconf 88' lang='lat' dir='ltr'>et</span> <span class='ocrx_word' id='word_1_209' title='bbox 469 4231 667 4297; x_wconf 84' lang='lat' dir='ltr'>Relationea</span> <span class='ocrx_word' id='word_1_210' title='bbox 684 4231 872 4296; x_wconf 87' lang='lat' dir='ltr'>Ecclesiae</span> <span class='ocrx_word' id='word_1_211' title='bbox 899 4231 1128 4310; x_wconf 87' lang='lat' dir='ltr'>aberrarunt,</span> <span class='ocrx_word' id='word_1_212' title='bbox 1149 4247 1228 4310; x_wconf 91' lang='lat' dir='ltr'>per-</span> 
     </span>
     <span class='ocr_line' id='line_1_34' title="bbox 128 4336 1228 4425; baseline 0.006 -26"><span class='ocrx_word' id='word_1_213' title='bbox 128 4336 255 4414; x_wconf 89' lang='lat' dir='ltr'>pendet.</span> <span class='ocrx_word' id='word_1_214' title='bbox 272 4339 317 4406; x_wconf 92' lang='lat' dir='ltr'>In</span> <span class='ocrx_word' id='word_1_215' title='bbox 332 4337 403 4405; x_wconf 88' lang='lat' dir='ltr'>hcc</span> <span class='ocrx_word' id='word_1_216' title='bbox 415 4345 599 4423; x_wconf 89' lang='lat' dir='ltr'>postremo</span> <span class='ocrx_word' id='word_1_217' title='bbox 618 4341 739 4425; x_wconf 90' lang='lat' dir='ltr'>capite</span> <span class='ocrx_word' id='word_1_218' title='bbox 757 4342 1044 4408; x_wconf 88' lang='lat' dir='ltr'>recensebuntur</span> <span class='ocrx_word' id='word_1_219' title='bbox 1073 4342 1109 4404; x_wconf 91' lang='lat' dir='ltr'>et</span> <span class='ocrx_word' id='word_1_220' title='bbox 1122 4341 1228 4406; x_wconf 83' lang='lat' dir='ltr'>retel-</span> 
     </span>
    </p>
   </div>
   <div class='ocr_carea' id='block_1_10' title="bbox 0 0 1584 4988">
    <p class='ocr_par' dir='ltr' id='par_1_10' title="bbox 0 0 1584 4988">
     <span class='ocr_line' id='line_1_35' title="bbox 0 0 1584 4988; baseline 0 0"><span class='ocrx_word' id='word_1_221' title='bbox 0 0 1584 4988; x_wconf 95' lang='lat' dir='ltr'> </span> 
     </span>
    </p>
   </div>
  </div>
 </body>
</html>
