3146 4980
625 452 668 476 -
688 435 748 492 see
766 452 807 478 ι

134 576 261 660 ipsius
282 573 411 641 Gir-toti
426 575 570 640 Domini
587 565 801 642 institutione
819 599 884 644 ,sca
893 580 978 664 jure
995 567 1122 660 divino,
1141 588 1179 645 at
1195 581 1271 645 bea-

139 692 206 747 tas
222 681 346 746 Petras
372 683 409 746 ia
420 683 577 766 primatu
595 704 698 766 saper
727 686 922 750 uniuersam
940 685 1131 751 Ecclesiam
1150 687 1273 752 habeat

131 796 332 872 perpetuos
360 809 585 868 snccessurae·
602 797 662 853 aat
679 789 873 854 Romanum
891 792 1088 878 Pontificem
1115 814 1183 857 aon
1201 814 1272 857 csso

137 894 240 958 beati
252 893 349 958 Petri
361 895 398 958 in
412 895 526 960 codem
534 896 693 978 primata
707 917 948 978 srtcccesorcm,·
958 898 1202 974 anathemasit
1211 901 1271 980 (1).

532 1193 795 1260 ARTICULUS
820 1195 885 1262 IX.

588 1403 830 1454 SUMMARIUM.

142 1581 211 1634 275.
231 1579 268 1632 53
280 1582 382 1636 Thesis
401 1582 540 1635 adversus
560 1598 668 1636 errores
687 1582 953 1638 archicrcucraticoo:
973 1586 1131 1640 Auctoritas
1143 1602 1272 1654 mprema

223 1649 367 1706 Primatas
384 1669 402 1705 a
417 1651 524 1705 Christo
541 1652 663 1706 instituti
682 1671 734 1708 non
753 1654 871 1708 excludit
885 1659 1046 1722 potestatem
1065 1657 1234 1711 ordinariam
1247 1660 1274 1712 ct

219 1723 337 1790 pradum
350 1724 471 1778 diuinum
484 1722 688 1792 Episcoporam,
701 1727 748 1793 qai
761 1742 794 1778 etc
810 1723 862 1779 Dei
871 1726 1044 1794 dispositione
1053 1725 1195 1782 Surrimam
1204 1728 1273 1783 Pon·

223 1793 320 1862 trflccm
334 1794 510 1862 adjuvantia
522 1795 698 1849 ecclesiastico
711 1797 947 1864 recitatae-276.
967 1800 1141 1852 Teesimonte
1155 1802 1275 1868 scriptu·

221 1867 379 1918 rue—277.
402 1867 588 1920 Monumenta
614 1869 895 1922 Uadimonis-278.
915 1867 1069 1924 Rationum
1083 1879 1237 1926 momenta.

255 2025 332 2090 275.
403 2025 445 2090 In
488 2025 576 2092 lure
622 2028 771 2094 Publice
818 2029 1079 2097 Ecclesiastico
1119 2041 1272 2114 possunt

145 2132 261 2196 etiam
290 2133 499 2213 sustentari,
519 2141 555 2198 ct
582 2135 734 2199 historia
751 2141 906 2200 testatur
930 2139 1052 2220 reipsa
1076 2140 1272 2221 aliquando

147 2239 355 2322 irrepsisse,
375 2257 518 2304 errores
535 2242 684 2306 veritati
708 2243 912 2308 catholicae
929 2265 997 2328 per
1026 2266 1199 2310 accessam
1219 2264 1272 2310 re·

150 2349 353 2428 tregentos,
369 2347 568 2428 cujusmodi
586 2359 668 2412 sunt
685 2350 801 2414 falsae
819 2368 944 2414 eorum
961 2354 1196 2433 assertiones,
1212 2353 1274 2434 qui
1356 2351 1359 2356 '

154 2449 420 2538 Ultrapapistac
447 2471 511 2518 seu
529 2454 785 2521 Eaclaoioistae
803 2457 965 2521 audiunt.
984 2456 1015 2520 N
1018 2475 1063 2521 on
1082 2458 1275 2541 defuerunt

149 2559 320 2642 equidem
332 2559 509 2641 nonnulli,
525 2562 586 2644 qui
603 2579 692 2643 opus
711 2561 844 2626 Christi
857 2563 1042 2644 corrigere
1063 2571 1099 2627 et
1113 2565 1275 2632 divinam

151 2666 428 2749 institutionem,
448 2668 529 2748 plus
554 2687 661 2749 quam
680 2687 746 2750 par
772 2676 864 2750 erat,
885 2671 1109 2752 amplificare
1127 2674 1218 2752 ausi,
1238 2675 1276 2738 iu

151 2774 357 2840 Ecclesiam
372 2775 535 2856 regimen
552 2775 774 2840 induxerunt
791 2795 861 2841 non
871 2779 949 2857 jam
967 2799 1056 2843 mare
1074 2780 1274 2844 monarchi-

150 2899 248 2966 cum,
274 2881 368 2946 sicut
398 2881 479 2946 loco
513 2887 717 2964 opportuno
751 2882 986 2965 ostendimus,
1012 2884 1076 2948 sed
1104 2887 1276 2951 eccclesiae

152 2987 439 3069 monarchioum,
457 2990 712 3053 auctoritatem
741 2989 985 3070 primatialem
1010 2991 1102 3054 citra
1119 2999 1276 3056 mentem

156 3093 283 3160 Dirini
304 3093 527 3159 Instituteris
544 3095 690 3158 nimium
711 3096 944 3177 extollentes,
966 3097 1144 3179 simulque
1176 3101 1277 3180 pote·

150 3205 287 3267 statem
319 3203 506 3284 propriam
539 3219 583 3265 ae
616 3202 840 3266 ordinariam
868 3201 1278 3294 Episcoporumeontra

152 3307 290 3374 Christi
307 3309 533 3373 voluntatem
557 3307 803 3390 deprimentes
821 3309 976 3374 vellere
1001 3310 1038 3374 in
1055 3310 1206 3375 nihilum
1223 3329 1277 3375 re-

153 3413 334 3496 digeutes.

244 3521 301 3586 Ad
328 3521 569 3585 confutandos
587 3522 764 3602 ejusmodi
793 3539 937 3587 errores
954 3521 1188 3587 monarchiae
1217 3541 1278 3587 ex·

152 3628 336 3709 clusivae,
370 3645 461 3710 quos
491 3629 821 3695 archioreccraticoo
854 3631 1163 3712 nuncupavimus,
1193 3631 1279 3713 quia
1364 3643 1370 3648 ·

153 3733 307 3802 Romani
339 3733 524 3799 Pontificis
557 3739 777 3816 potestatem
810 3736 905 3800 ultra
937 3735 1071 3801 limites
1104 3736 1279 3802 divinitus

154 3841 392 3923 praestitutos
409 3840 623 3923 extendunt,
639 3847 850 3924 sequentem
863 3841 1122 3907 vindicandam
1138 3843 1279 3908 curabi-

156 3963 235 4012 mus
253 3947 396 4012 thesim:
415 3946 616 4015 Auctoritas
627 3969 790 4034 saprcma
806 3950 984 4015 Primatuc
997 3971 1018 4015 a
1033 3947 1167 4016 Christo
1180 3950 1280 4014 insti·

152 4055 221 4120 tati
248 4076 317 4120 non
340 4056 494 4122 accludit
509 4064 715 4140 potestatem
743 4055 962 4122 ordinariam
990 4063 1021 4122 at
1047 4056 1197 4142 prodam
1228 4056 1281 4122 di·

225 4329 263 4396 (1)
299 4327 396 4384 const
409 4329 572 4399 dogmatica
584 4329 617 4384 de
629 4327 756 4384 Ecclesia
771 4284 884 4399 Christi,
897 4345 958 4398 cap.
972 4329 1011 4383 11.
