3146 4980
782 391 960 451 -424-

312 535 435 602 valide
448 535 672 618 conferendi,
690 534 787 619 qnod
813 535 964 600 mirifice
981 535 1235 602 corroboravit
1250 535 1285 602 S.
1304 537 1438 602 Hiero·

312 659 442 726 nymus
459 641 595 708 celebri
611 641 680 707 hoc
697 643 823 707 atrato:
845 639 935 718 Quid
948 643 1048 728 fucit,
1073 650 1216 728 eccepto
1241 643 1437 709 ordinatio·

311 771 363 832 ue,
380 750 570 835 episcopua,
583 750 673 833 quod
686 749 866 835 presbyter
882 771 950 816 aon
963 750 1094 835 faciut?
1107 749 1191 816 Solo
1209 771 1351 834 nonique
1370 752 1436 816 Or·

312 857 489 922 dinationa
505 858 702 941 superiores
719 855 910 940 (episcopi)
944 865 1035 938 sunt,
1068 864 1170 940 utque
1195 856 1273 922 tine
1298 865 1436 923 tautum

312 963 473 1028 uidentur
482 963 693 1049 presbyteria
704 969 889 1047 proestare
902 963 963 1044 (1).

402 1069 573 1153 Episcopi
590 1070 699 1151 igitur
716 1068 873 1134 habendi
890 1075 974 1134 sunt
1000 1069 1207 1151 superiores
1243 1069 1436 1152 presbyte-

313 1175 375 1258 ris,
394 1181 431 1239 et
444 1174 588 1258 quidem
597 1177 682 1262 jura
699 1176 829 1240 diuino.

401 1283 479 1348 268.
528 1281 1334 1365 Dogmainsupercatholicumpraestantiam
1347 1281 1437 1365 Epi·

312 1407 506 1472 scoporum
521 1406 633 1472 supra
650 1390 884 1472 presbyteros
901 1389 1021 1472 quoad
1034 1393 1253 1471 potestatem
1277 1388 1437 1453 Joriadi·

312 1498 436 1578 ationis
452 1495 658 1577 adstruens,
676 1502 861 1578 tamquam
878 1513 955 1560 rem
968 1497 1113 1560 omnino
1138 1497 1367 1577 exploratam
1395 1501 1438 1558 et

308 1604 392 1685 jure
410 1603 533 1668 divino
550 1603 726 1682 innixam,
751 1603 860 1685 plena
878 1608 988 1684 atque
1016 1601 1219 1666 certissima
1247 1600 1438 1666 evidentia

313 1709 424 1774 etiam
436 1708 583 1791 gaudet:
602 1711 737 1773 frustra
770 1709 881 1791 igitur
909 1706 1132 1790 Blondcllus,
1162 1707 1360 1772 Salmasius
1389 1725 1438 1773 ac

313 1815 444 1897 reliqui
459 1815 727 1897 presbyteriani
755 1815 851 1879 hunc
881 1813 964 1879 fidei
994 1813 1187 1880 articulum
1217 1833 1238 1878 a
1265 1814 1437 1878 Patribus

313 1919 533 1985 Tridentinis
551 1921 724 2004 explicite
741 1921 968 1986 declaratum
985 1921 1161 2003 impetere
1187 1922 1308 1985 conati
1334 1925 1435 2002 sunt,

313 2045 394 2092 cum
422 2027 621 2112 Scriptura,
640 2029 786 2094 traditio
802 2032 840 2092 ei
859 2027 939 2109 ipsa
957 2029 1047 2093 ratio
1064 2045 1130 2110 pro
1144 2029 1303 2092 veritate
1318 2046 1437 2092 asser·

314 2134 422 2198 tionis
433 2133 837 2217 juridico-dogmaticae
850 2133 1086 2199 ineluctabile
1100 2151 1249 2217 prorsus
1266 2133 1434 2217 suppedi·
1557 2149 1558 2156 ¹

314 2245 394 2305 tant
414 2247 679 2323 argumentum.

402 2347 479 2410 269.
528 2345 725 2432 Scriptura.
743 2345 906 2412 Christus
922 2345 1109 2429 Dominus,
1121 2347 1228 2427 juxta
1241 2363 1344 2411 sacra
1357 2347 1433 2412 elo-

314 2451 411 2534 quia,
429 2469 635 2534 supremam
653 2459 690 2516 et
705 2453 947 2518 omnimodam
966 2459 1184 2535 potestatem
1213 2452 1434 2534 jurisdictio-

312 2558 368 2622 nis
386 2558 570 2641 Apostolis
586 2577 782 2644 eorumque
795 2561 965 2644 legitimis
978 2561 1249 2626 successoribus
1268 2561 1433 2640 contulit,·

313 2665 401 2748 ipsis
419 2667 514 2732 enim
532 2668 691 2734 traditae
708 2671 833 2735 claves
853 2671 956 2751 regni
974 2669 1158 2734 caelorum
1194 2673 1434 2754 (quaecumque

313 2775 555 2860 olliqaoeritio,
574 2797 801 2861 quaecamque
815 2779 1012 2859 solveritis),
1027 2777 1098 2859 ipsi
1112 2777 1210 2841 missi
1224 2778 1270 2841 ad
1286 2794 1435 2858 pascen·
1556 2817 1557 2852 ,

314 2881 396 2946 dum
416 2885 589 2968 spoaoita),
608 2884 677 2967 ipsi
696 2902 802 2950 sacro
820 2886 971 2968 imperio
1003 2891 1042 2948 at
1075 2883 1333 2948 auctoritativo
1363 2901 1437 2946 ma·

313 2987 462 3069 gislerio
480 2990 643 3071 insigniti
661 2994 791 3067 (euntes
805 3011 893 3076 arpo,
908 2991 1031 3073 docete,
1046 2993 1250 3068 servantem:
1266 3005 1361 3052 nunc
1377 3007 1436 3053 ve·

314 3111 353 3156 ro
371 3094 439 3157 soli
456 3095 627 3179 Episcopi
651 3113 881 3162 successores
914 3102 999 3162 sunt
1022 3097 1293 3179 Apostolorum
1327 3097 1438 3178 igitur

314 3198 449 3264 eisdem
468 3207 606 3266 tantum
621 3205 795 3286 competit
811 3221 902 3269 vara
919 3209 958 3267 et
985 3204 1135 3286 propria
1163 3203 1368 3286 jurisdictio
1401 3203 1438 3268 in

314 3303 492 3387 Ecclesia,
513 3307 658 3374 minime
677 3319 797 3374 autem
812 3309 920 3373 meris
938 3309 1176 3393 presbyteris.

402 3409 505 3492 Quod
533 3414 602 3478 soli
631 3415 801 3498 Episcopi
832 3415 1017 3498 Apostolis
1049 3415 1260 3496 succedant,
1293 3413 1435 3478 veritas
1555 3429 1556 3434 ’

314 3515 405 3581 adeo
423 3519 615 3602 palmaria,
632 3527 733 3584 certa
762 3525 872 3604 atque
902 3520 1169 3603 irrefragabilis
1198 3527 1266 3602 est,
1299 3524 1338 3584 ut
1372 3520 1437 3584 vix

315 3624 528 3704 probatione
558 3632 677 3709 egeat3
711 3644 835 3692 omnes
870 3629 1047 3711 siquidem
1081 3627 1274 3712 perspicue
1305 3631 1441 3692 norunt

314 3729 521 3813 Apostolos
538 3735 726 3820 subjectum
754 3737 946 3816 potestatis
979 3753 1001 3799 a
1034 3736 1178 3801 Ohristo
1208 3729 1383 3816 collatae,
1404 3735 1440 3798 in

314 3837 429 3917 gradu
447 3837 645 3920 episcopali
662 3857 743 3904 asse
757 3844 984 3924 constitutos,
1019 3861 1083 3909 seu
1112 3843 1210 3926 quod
1240 3843 1333 3907 idem
1370 3843 1439 3922 est,

315 3943 498 4022 recepisse
514 3943 758 4011 sacerdotium
770 3949 878 4030 primi
910 3950 1060 4034 ordinis,
1075 3950 1271 4037 episcopale
1302 3965 1440 4014 nuncu·
1554 3979 1555 4008 l

317 4127 501 4140 -ι--

386 4275 424 4340 (1)
459 4273 561 4331 Homil.
575 4278 619 4332 Xl
630 4279 660 4333 in
670 4277 691 4332 I
698 4280 775 4348 epist.
787 4281 825 4336 ud
839 4279 907 4337 Tim.
922 4299 1001 4337 nuni.
1020 4289 1045 4340 1.
