3120 4988
509 481 514 498 .
591 396 728 458 '7‘

112 543 144 610 in
160 563 200 611 eo
215 551 366 630 spectac
385 546 569 631 publicum
587 549 708 610 autem
727 543 858 610 dicitur
875 543 972 628 quod
986 543 1070 626 jura
1089 547 1125 610 et
1143 542 1217 610 oili·

112 653 322 719 ciahominie
336 654 556 734 considerat,
573 653 932 736 praecisoquatenus
965 651 1129 718 subditus
1159 652 1219 717 vel

112 760 282 843 princeps:
302 762 355 826 ita
366 761 477 828 etiam
496 761 531 826 in
548 759 570 825 J
574 777 637 824 ure
652 759 914 825 Ecclesiastico
945 764 1066 845 potest
1096 759 1219 825 discri-

112 866 231 930 minari
242 867 302 949 jus
318 867 500 950 quoddam
518 867 701 949 privatum
716 866 801 948 jura
817 876 853 931 et
868 868 991 933 officia
1006 868 1219 933 christiano·

62 1006 66 1020 ·
112 988 183 1036 rum
199 983 373 1055 quatenus
387 973 512 1038 fideles
531 981 615 1038 sunt
642 974 829 1056 regulans3
846 983 883 1039 et
899 975 998 1039 aliud
1021 975 1081 1056 ius
1104 974 1219 1057 publi·

112 1081 465 1161 cumjuraetolticia
498 1081 778 1146 christianorum
809 1082 1068 1164 determinans,
1101 1081 1221 1166 prouti
1269 1079 1271 1082 ’

111 1197 261 1252 rectores
288 1189 350 1252 vel
382 1189 516 1254 subditi
549 1191 622 1253 sint
650 1192 686 1252 in
716 1187 894 1272 Ecclesia,
924 1189 1120 1254 secundum
1149 1189 1218 1252 for·-

113 1311 197 1358 mam
210 1295 392 1378 regiminis
406 1315 429 1360 a
446 1296 589 1362 Christo
603 1297 815 1362 institutam.

191 1401 242 1467 4.⁸
285 1403 457 1469 Nonnulli
475 1404 617 1468 demum
636 1422 799 1468 normam
814 1409 925 1488 atque
956 1393 1133 1468 rationem
1152 1399 1220 1464 dis·

112 1509 283 1575 tinctionis
301 1531 322 1574 a
340 1510 359 1576 J
366 1531 429 1576 ure
447 1513 608 1578 Romano
625 1513 773 1593 ducunt;
804 1514 898 1576 sicut
922 1511 1019 1577 enim
1047 1509 1067 1575 J
1074 1510 1216 1574 ustiniu-

111 1633 171 1680 nus
187 1620 232 1698 (l)
245 1622 373 1702 lnquit:
395 1619 522 1701 “hujus
552 1620 659 1684 studit
675 1620 779 1702 (juris
797 1620 930 1698 civilis)
949 1617 1042 1683 duae
1059 1629 1142 1682 suut
1160 1633 1218 1698 po·

111 1725 262 1804 ailianae,
278 1727 464 1808 publicum
483 1738 519 1792 et
534 1729 731 1810 privatuuu
751 1727 933 1811 publicum
948 1727 993 1790 ad
1011 1735 1143 1790 statum
1167 1723 1221 1788 rei

112 1847 271 1898 romanae
290 1837 460 1916 pertinet,
483 1839 667 1918 privatum
685 1835 731 1899 ad
749 1836 971 1918 singulorum
991 1834 1219 1915 utilitatern„:

112 1939 265 2004 similiter
283 1939 306 2004 J
310 1941 365 2005 uri
382 1939 644 2006 Ecclesiastico
664 1950 784 2024 potest
801 1941 922 2024 aptari
953 1940 1046 2005 haec
1075 1938 1219 2020 divisio,

112 2044 156 2108 ita
182 2053 219 2110 ut
230 2047 345 2129 adjus
358 2049 546 2130 publicum
565 2049 855 2114 ecclesiasticum
873 2051 1016 2130 spectet
1028 2053 1144 2110 status
1167 2043 1221 2109 rei

114 2151 325 2220 christianae
342 2173 406 2220 seu
425 2157 611 2240 generalia
625 2157 837 2222 oeconomia
858 2161 895 2220 et
912 2153 1109 2219 relationes
1124 2161 1222 2216 exte·

112 2260 217 2326 riores
233 2263 421 2328 societatis
435 2263 671 2346 christianam
695 2264 740 2328 ad
755 2264 941 2346 privatum
969 2278 1058 2325 vero
1086 2258 1219 2340 omnia,

112 2383 197 2447 quae
213 2370 259 2433 ad
276 2371 411 2435 bonum
429 2371 654 2454 singulorum
670 2371 829 2435 fidelium
842 2369 1062 2433 referuntur.

191 2475 300 2542 Nobis
316 2485 436 2542 autem
448 2478 593 2562 planior
607 2489 643 2542 et
656 2479 772 2560 magis
784 2477 990 2558 adaequata
1003 2475 1147 2541 videtur
1160 2491 1219 2538 no·

113 2579 167 2662 tio,
185 2601 289 2666 quam
305 2585 349 2650 de
363 2585 436 2650 hac
449 2586 683 2650 distinctione
701 2583 814 2649 edidit
841 2582 999 2648 Emmus
1033 2580 1219 2664 Tarquini,

113 2689 163 2752 cui
175 2691 238 2754 sub
252 2694 434 2757 varietate
447 2692 644 2757 verborum
654 2692 903 2756 assentiuntur
913 2681 1098 2771 Cavagnis
1113 2696 1222 2770 atque

113 2793 306 2880 Huguenin3
320 2799 428 2881 juxta
441 2800 718 2864 celeberrimum
743 2799 780 2861 in
794 2796 956 2878 Collegio
969 2796 1129 2860 Romano
1141 2811 1220 2875 pro-

113 2900 274 2970 fessorem
285 2905 346 2991 (2),
366 2905 387 2969 J
391 2925 431 2970 us
446 2906 631 2989 publicum
645 2911 806 2988 systema
821 2904 940 2982 legum
954 2901 1220 2984 complectitur,
1267 2960 1273 2972 ,

115 3025 175 3090 quo
189 3013 468 3096 uniuscujusque
497 3013 685 3080 societatis
703 3011 914 3077 constitutio
945 3007 1220 3089 determinatur;

114 3113 170 3182 Jus
186 3137 271 3186 vero
289 3121 476 3203 privatum
491 3121 591 3203 leges
607 3121 782 3202 continet,
799 3118 929 3202 quibus
943 3115 1097 3198 alicujus
1111 3114 1223 3178 socie·

114 3225 190 3290 tatis
218 3228 381 3293 membra
408 3227 612 3311 diriguntur
648 3226 827 3292 adfinem
858 3226 894 3290 in
927 3242 971 3289 ea
998 3223 1224 3307 propositum

116 3336 379 3417 assequendum:
396 3334 490 3401 unde
503 3335 526 3400 J
529 3353 569 3401 us
582 3335 768 3419 publicum
783 3333 1069 3398 ecclesiasticum
1081 3337 1223 3414 partem

114 3443 334 3508 essentialem
364 3442 606 3525 legislationis
635 3441 910 3507 ecclesiasticae
943 3438 1142 3520 constituit,
1186 3436 1223 3500 in

115 3563 179 3628 qua
193 3549 235 3614 do
248 3550 493 3634 institutione,
512 3555 646 3615 natura
678 3535 715 3614 et
745 3547 1011 3615 fundamentali
1040 3550 1224 3610 structura

115 3655 287 3728 societatis
306 3677 330 3723 a
347 3655 493 3724 Christo
511 3658 686 3723 fundatae
703 3657 904 3738 disseritur,
924 3655 1076 3734 noceat,
1096 3652 1139 3715 dc
1174 3651 1222 3714 dl-

115 3763 192 3829 vina
208 3763 399 3832 Ecclesiae
418 3766 559 3848 origine
575 3771 612 3831 et
627 3765 853 3847 fundatione,
872 3763 916 3827 de
933 3762 1117 3844 potestate
1134 3757 1222 3822 divi-

115 3869 201 3937 nitus
217 3872 333 3938 cidem
350 3873 500 3956 tradita,
517 3874 634 3957 deque
649 3871 813 3953 subjecto
832 3869 1009 3952 ejusmodi
1035 3865 1225 3950 potestatis

116 3991 171 4042 seu
193 3979 235 4046 de
251 3980 529 4062 Magistratibus
554 3982 600 4045 ab
625 3981 703 4063 ipso
730 3977 872 4044 Christo
897 3975 1114 4056 constitutis3
1141 3973 1224 4037 dum

116 4125 260 4140 *²*—

177 4231 215 4301 (1)
250 4227 345 4284 lacatii.
378 4246 424 4284 ars
437 4231 488 4284 ult.
498 4227 529 4282 de
542 4227 617 4282 Just.
631 4232 660 4282 et
672 4224 750 4287 Jura
763 4229 805 4280 tit.
819 4227 841 4280 1.

176 4303 210 4366 (i)
244 4300 326 4356 Jurta
380 4299 524 4357 claimant
536 4297 645 4354 Publici
664 4297 983 4363 Institutionae,1ntrod.
