3034 4990
785 429 961 493 -310-

314 596 373 643 uos
387 573 447 662 (l);
463 579 499 642 et
510 573 557 642 ad
570 575 815 661 Imperatores
829 576 1068 644 Theodosium
1081 581 1117 642 et
1136 573 1418 643 Valentinianum

315 683 477 750 scribens
496 683 658 749 eamdem
676 681 871 750 veritatem
889 684 1012 749 tradit:
1032 683 1129 760 Quod
1142 686 1174 750 si
1197 687 1273 770 pais
1300 693 1418 752 cestrae

315 792 508 857 sanctiones
524 795 705 876 spreverit,
719 794 778 860 ille
795 802 928 859 cestrae
945 793 1192 859 dominationis
1226 793 1418 879 indipnatio·

315 897 659 984 semperstantes
687 901 777 964 enim
802 913 1033 964 APOSTOLIOA
1056 913 1164 963 Fines
1186 921 1255 984 per
1286 905 1419 964 uestram

309 1007 476 1091 pietatem
493 1019 639 1070 MUNtrs
650 1009 815 1092 persistet
831 1007 955 1072 illaesa
972 1007 1031 1091 (2).

404 1110 557 1178 Domum
571 1111 858 1196 disquisitionem
873 1114 967 1179 hanc
980 1113 1201 1178 absolvimus
1216 1113 1420 1178 auctoritate

315 1215 550 1282 Tridentinae
585 1215 721 1301 Synodi
767 1219 939 1302 explicite
969 1219 1203 1284 declarantis:
1238 1219 1421 1284 saeculares

316 1344 444 1408 quoque
459 1324 642 1410 Principes
653 1326 743 1411 ofioii
760 1327 815 1392 sui
841 1325 1074 1392 admonendos
1100 1347 1171 1391 esse
1199 1327 1340 1408 censuit;
1353 1346 1422 1391 eoa·

311 1431 500 1518 fidentem,
532 1438 569 1497 at
604 1429 807 1516 Catholicae,
838 1454 921 1518 quos
948 1434 1045 1498 Deus
1079 1440 1218 1498 sanctae
1232 1433 1340 1515 Fidei,
1364 1431 1421 1495 Ec·

315 1539 503 1623 etesiaeque
534 1551 802 1604 PROTEOTORES
826 1562 898 1605 esse
916 1541 1033 1622 uoluit,
1055 1541 1236 1627 jussuum
1258 1539 1422 1603 Ecclesiae
1501 1553 1502 1556 ’

315 1645 463 1727 restitui,
482 1667 550 1711 non
564 1653 697 1711 tantam
711 1667 781 1711 ease
795 1666 1028 1728 concessuros·
1053 1645 1114 1711 sed
1145 1648 1250 1711 etiam
1281 1645 1423 1710 sabditos

315 1773 395 1818 suos
411 1773 526 1818 omnes
542 1753 589 1818 ad
603 1752 750 1818 debitam
768 1774 849 1838 erpa
868 1753 1017 1836 Clarum,
1033 1751 1218 1835 Parocltcs,
1237 1760 1268 1819 et
1281 1753 1422 1836 superio·

314 1881 370 1926 res
389 1860 536 1927 Ordines
553 1863 779 1927 reuerentiam
805 1869 1063 1928 revocaturos...
1095 1863 1345 1948 Proptereaque
1367 1859 1422 1924 ad·

314 1975 425 2034 monet
443 1967 703 2053 Imperatorem,
720 1969 838 2054 Repes,
859 1968 1096 2054 Respublioas,
1116 1969 1310 2054 Principes,
1338 1973 1366 2032 et
1395 1987 1423 2030 o·
1501 1965 1502 1968 ’

314 2095 417 2159 mnes,
436 2082 468 2140 et
483 2077 647 2161 stapulas,
668 2079 909 2163 cujuscumque
925 2085 1046 2160 statas,
1060 2085 1092 2142 et
1104 2077 1284 2163 dipnitatis
1298 2076 1423 2140 eastita-

314 2184 400 2265 rint,·
431 2189 555 2268 atquo
572 2183 706 2267 larpias
733 2184 829 2249 bonis
854 2185 1112 2270 temporalibus,
1146 2193 1247 2268 atque
1278 2185 1315 2248 in
1345 2183 1424 2248 alios
1501 2211 1502 2274 j

308 2296 479 2374 potestate
494 2298 574 2357 sant
589 2293 717 2374 ornati,
736 2311 773 2358 eo
790 2292 955 2374 sanctius,
974 2313 1060 2377 qaae
1078 2289 1356 2356 Eccnsslssrrot
1373 2302 1423 2353 Jt‘·

314 2409 372 2461 ists
385 2404 476 2480 sant,
495 2405 668 2483 tamquam
690 2398 755 2464 Dei
765 2402 969 2484 praecipua,
982 2402 1119 2486 ejusque
1127 2399 1327 2484 patrocinio
1346 2403 1423 2462 tecta

314 2517 571 2570 assessurae
588 2506 648 2590 (3).

702 2755 963 2822 ARTICULUS
980 2755 1046 2822 III.

758 2966 997 3018 SUMMARIUM.

1331 3107 1341 3132 ἱ

316 3149 375 3200 193.
394 3145 520 3198 Ecclesia
531 3151 576 3200 est
588 3143 709 3199 absolate
721 3147 917 3214 independens
928 3151 957 3201 in
970 3147 1055 3202 rebus
1072 3163 1141 3202 suae
1170 3149 1334 3204 exclusisse
1359 3164 1427 3201 com·

385 3220 637 3283 potentiae—19⁴.
650 3218 815 3272 vindicetur
828 3219 971 3274 Ecclesiae
984 3221 1208 3288 independentis
1219 3223 1249 3274 iu
1263 3222 1361 3275 ordine
1382 3221 1427 3287 spi·

384 3289 479 3342 rituali
492 3292 667 3354 argumentis
681 3296 737 3342 tarn
765 3306 800 3342 ex
823 3295 911 3344 sacris
937 3293 1057 3358 eloquiis
1070 3299 1099 3345 et
1113 3293 1254 3346 osdrolica
1276 3293 1427 3358 traditione,

385 3375 470 3426 quem
484 3375 521 3413 ex
534 3363 596 3428 ipss
608 3360 717 3414 ratione
730 3362 996 3428 desumptis-195.
1018 3363 1108 3416 Verus
1121 3370 1206 3432 atque
1219 3368 1360 3431 genuinus
1372 3379 1428 3416 con·

386 3437 486 3499 ceptus
499 3433 640 3500 ejusmodi
653 3432 1001 3500 independentiaeeltltt.
1013 3435 1208 3504 Obligationes
1218 3437 1361 3490 Ecclesiae
1370 3449 1428 3500 erga

385 3505 496 3556 Statum
522 3503 741 3557 civilem-liti.
761 3505 894 3556 Officium
910 3505 1065 3575 cepaticum
1092 3508 1235 3560 Ecclesiae
1260 3509 1354 3575 quoad
1378 3507 1427 3558 Sta·

385 3577 553 3630 tum—198.
574 3575 674 3628 Oificie
682 3576 803 3642 positiva
816 3591 852 3628 ex
866 3579 1133 3634 salnaium-199.
1152 3579 1254 3632 Oifieie
1262 3579 1378 3647 positiva
1396 3591 1428 3630 ex

386 3661 465 3698 mers
478 3647 622 3702 charitate.

405 3825 480 3890 193.
530 3824 715 3909 Conceptu
744 3826 1183 3910 independentiaeStatus
1197 3835 1255 3895 set
1270 3831 1427 3896 enuclea·

316 3933 364 4012 to,
380 3932 635 4016 erroribusque
649 3934 768 4016 quiex
782 3942 1067 4017 praeposteraet
1077 3941 1314 4020 systematica
1327 3940 1427 4004 inter·

319 4085 502 4098 ———--—

389 4205 422 4270 tl)
459 4207 518 4258 Act.
532 4206 583 4262 Ill.
594 4203 683 4273 Epist.
695 4207 731 4261 ad
744 4208 887 4277 raptatos,
902 4227 963 4279 cap.
977 4215 1001 4265 8.

387 4280 424 4340 (2)
461 4275 551 4342 Epist.
565 4277 602 4330 ad
613 4284 740 4346 superstas
755 4279 931 4334 Theodosium
943 4287 969 4336 et
990 4281 1218 4341 Valentinianum.

387 4351 426 4416 (3)
463 4352 536 4402 Sese.
552 4349 647 4416 XXV,
660 4367 720 4417 sap.
736 4352 792 4404 XX
806 4352 837 4405 dc
850 4351 974 4423 Resoluta
