3120 4988
829 395 986 456 ..54-

345 559 446 628 paere
470 549 612 624 tantam,
631 549 663 608 ct
686 545 914 610 constantiam
941 542 1118 608 ostendere
1138 543 1198 624 (1).
1218 541 1274 608 Ad
1291 541 1325 608 S.
1346 541 1476 624 Augu·

345 651 478 716 stinum
491 650 980 735 quodattinet‚necessenon
991 650 1261 717 esttestimonia
1272 650 1476 730 adducere,

346 758 479 822 etenim
504 763 647 824 constat
664 757 861 824 Doctorem
878 758 1090 824 Africanum
1108 759 1144 822 in
1161 757 1345 823 nonnullis
1374 757 1476 840 prio·

345 881 424 928 rum
442 882 592 948 operum
610 865 699 932 locis
716 871 844 952 aperte
861 865 1140 949 reprehendisse
1153 883 1256 930 usum
1273 867 1477 948 potestatis

346 973 549 1037 coactivas.

434 1079 540 1162 Resp.
560 1079 781 1146 Testimonia
798 1079 857 1146 SS.
877 1079 1057 1146 Ambrosii
1074 1086 1111 1144 et
1139 1079 1161 1145 J
1164 1079 1291 1145 oannis
1309 1076 1475 1160 Chryso-

345 1186 453 1250 stomi
465 1187 510 1251 ad
524 1205 601 1252 rem
618 1206 689 1252 non
704 1188 900 1270 pertinent.
920 1185 1198 1268 Chrysostomus
1215 1188 1308 1251 enim
1326 1187 1411 1268 agit
1430 1184 1476 1250 de

344 1291 542 1358 Sacerdote
558 1293 701 1359 Veteris
718 1293 942 1358 Testamenti
958 1293 1105 1376 Araris,
1124 1301 1378 1377 contraquam
1395 1293 1477 1358 Rea

343 1395 492 1482 (Ozias),
513 1405 551 1463 ut
567 1401 618 1464 ait
642 1401 721 1483 ipse
737 1401 772 1466 S.
793 1401 942 1483 Doctor,
960 1423 1060 1468 arma
1086 1404 1248 1484 monebat,
1267 1410 1298 1467 ct
1326 1403 1476 1488 clypeos

342 1513 374 1571 et
385 1507 504 1572 basias
517 1529 681 1592 suamque
694 1510 885 1574 intentabat
896 1511 1098 1592 potentiam.
1118 1509 1328 1573 Ambrosius
1344 1516 1474 1572 autem

343 1612 387 1678 de
412 1632 451 1678 se
468 1615 546 1698 ipso
565 1615 735 1698 loquitur,
754 1633 858 1699 quem
878 1614 1083 1698 Imperator
1101 1615 1382 1682 Valentinianus
1415 1634 1472 1679 ar-

343 1721 409 1784 mis
422 1725 460 1785 et
475 1720 594 1804 gothis
612 1722 785 1788 militibus
804 1724 1052 1806 oppugnabat.
1073 1723 1114 1788 In
1131 1725 1290 1788 textibus
1306 1723 1472 1786 laudatis

343 1828 462 1910 agitur
480 1829 632 1912 proinde
658 1829 701 1894 de
719 1849 806 1895 casu
823 1831 1129 1914 extraordinario,
1146 1850 1286 1897 necnon
1304 1830 1349 1896 de
1369 1830 1470 1895 bello

343 1941 379 1998 et
407 1937 585 2001 seditione
602 1937 745 2020 cienda,
765 1937 859 2020 quod
878 1939 1088 2021 longissime
1107 1939 1211 2003 abest
1238 1957 1261 2002 a
1277 1936 1471 2022 praesenti

343 2046 567 2127 quaestione:
580 2049 703 2110 notum
715 2045 815 2110 estS.
829 2045 1003 2112 Thomam
1015 2045 1327 2128 Cantuariensem,
1339 2063 1469 2130 quam-

342 2151 398 2216 vis
423 2151 636 2235 Martyrium
655 2173 720 2237 pro
740 2154 962 2220 vindicanda
980 2155 1167 2220 Ecclesiae
1185 2156 1356 2220 libertate
1370 2155 1468 2236 ejus-

341 2277 410 2340 que
428 2259 711 2344 independentia
741 2262 904 2344 subierit,
924 2263 1059 2328 diserte
1074 2250 1288 2328 asseruisse:
1318 2263 1398 2328 Non
1417 2269 1470 2328 est

340 2363 498 2432 Ecclesia
515 2389 607 2434 more
622 2377 815 2434 castrorum
833 2370 1060 2456 defendenda.

418 2472 640 2542 Sententiam
655 2481 776 2542 autem
790 2475 823 2542 S.
837 2477 1031 2561 Augustini
1045 2479 1078 2543 in
1096 2479 1269 2545 trutinam
1282 2496 1466 2544 revocare

341 2587 497 2667 oportet,
517 2585 685 2668 quoniam
704 2586 880 2651 neoterici
894 2586 1013 2651 adbuc
1031 2587 1063 2668 ej
1071 2605 1109 2651 us
1138 2587 1358 2652 auctoritate
1376 2586 1466 2651 sbu-

340 2693 475 2772 tuntur,
495 2693 727 2756 recensentes
752 2709 851 2756 more
869 2710 932 2756 suo
951 2711 1045 2775 quae
1077 2694 1269 2776 neophitus
1301 2693 1463 2776 scripsit,

339 2802 375 2860 et
392 2798 599 2863 omittentes
618 2799 800 2881 quaejam
819 2803 981 2864 maturus
1007 2799 1144 2866 Doctor
1178 2801 1282 2865 nobis
1301 2800 1464 2865 tradidit.

339 2901 485 2970 Certum
503 2905 806 2989 exploratumque
824 2911 879 2971 est
897 2906 940 2971 D.
960 2907 1202 2991 Augustinum
1235 2907 1337 2973 initio
1373 2925 1464 2972 suae

339 3013 588 3076 conversionis
603 3013 789 3094 putavisse
807 3013 881 3078 vim
914 3016 1119 3079 coactivam
1150 3032 1222 3078 non
1254 3031 1335 3079 esse
1361 3014 1464 3078 adbi-

338 3116 495 3182 bendam
511 3118 548 3182 in
566 3117 818 3202 delinquentes
836 3125 964 3186 contra
995 3121 1221 3205 religionem;
1257 3121 1322 3186 sed
1350 3121 1464 3186 etiam

338 3225 539 3290 certissime
553 3229 696 3290 constat
712 3245 794 3291 eum
812 3232 939 3310 postea
957 3233 993 3293 et
1010 3229 1161 3312 propria
1178 3229 1407 3312 experientia
1428 3235 1465 3292 et

338 3332 493 3415 pleniori
518 3333 724 3416 cognitione
742 3334 887 3400 ductum
906 3340 980 3402 tum
997 3337 1104 3401 istam
1119 3341 1193 3400 tum
1212 3336 1304 3400 alias
1323 3335 1463 3418 opinio·

337 3459 401 3506 nes
420 3446 579 3506 mutasse
590 3447 626 3506 et
639 3445 873 3527 retractasse,
891 3447 929 3508 ut
942 3461 988 3508 ex
1001 3444 1236 3526 sequentibus
1250 3443 1340 3508 locis
1354 3459 1463 3525 aper-

339 3552 376 3614 te
393 3548 586 3632 colligitur.

426 3655 468 3720 In
481 3658 555 3722 suis
567 3655 900 3722 Retraotationibus
913 3656 1065 3738 loquens
1079 3656 1122 3720 dc
1136 3657 1325 3721 coactione
1338 3654 1461 3720 minis-

340 3765 431 3828 terio
445 3765 705 3846 imperatorum
718 3764 779 3830 vel
792 3763 996 3847 principum
1012 3765 1057 3828 ab
1072 3763 1238 3829 Ecclesia
1252 3763 1461 3829 exercenda

337 3872 390 3936 ita
407 3872 469 3935 ait:
488 3871 582 3936 Tnnc
599 3871 682 3935 milti
698 3872 945 3956 conplacebat,
964 3873 1126 3955 qnoniam
1153 3872 1304 3937 nondam
1338 3893 1459 3956 eaeper·

339 3984 393 4042 tus
410 3999 504 4043 eram
520 3979 572 4042 vel
590 3984 754 4062 qnantum
771 3981 900 4044 malam
913 3999 1029 4044 eoram
1043 3978 1337 4060 (haereticorum)
1356 3979 1459 4044 audc-

336 4093 388 4150 ret
405 4086 585 4170 iniqnitas,
604 4085 657 4151 cel
673 4093 837 4169 qnantum
853 4088 902 4151 cis
919 4087 956 4152 in
973 4087 1095 4152 melias
1108 4087 1285 4154 mutandis
1302 4087 1459 4172 conferre

338 4233 508 4244 ..ι-...-

408 4310 447 4378 (l)
484 4305 565 4362 Hane.
578 4305 595 4360 1
603 4305 624 4363 V
635 4307 665 4360 in
676 4305 747 4361 illuri
756 4305 858 4362 Isaiae:
873 4305 934 4362 Vidi
947 4305 1104 4364 Dominum.
