3120 4988
590 417 747 474 ..31-

109 579 235 626 manus
253 561 422 626 Pontifex
437 560 570 626 Christi
587 560 623 626 in
651 561 759 626 terris
776 560 943 626 Vicarius
961 567 1070 644 atque
1083 561 1121 626 Β.
1135 559 1233 626 Patri

111 667 316 750 Successor,
330 673 366 732 et
379 667 550 753 Episcopi
563 667 820 751 Apostolorum
829 665 1233 750 Successores,quijure

106 775 226 840 divino
246 780 286 838 ut
298 775 378 839 veri
395 774 583 857 Principes
597 792 640 840 ac
653 773 807 856 legitimi
834 773 1004 838 Pastores
1020 774 1130 858 positi
1151 777 1235 839 sunt

107 879 362 964 adrogendam
379 879 582 946 Ecclesiam
609 880 690 962 Dsi3
710 879 924 945 societatem
939 879 1086 945 civilem
1104 880 1233 962 guber-

110 991 197 1054 nant
225 992 337 1072 atque
368 987 605 1054 moderantur
636 987 823 1071 Principes
856 987 1066 1054 saeculares
1085 994 1122 1052 et
1149 987 1234 1053 laici

108 1093 354 1178 Magistratus.
646 1102 649 1112 “

179 1202 475 1286 Proprietatibus,·
487 1202 656 1286 deniquo,
670 1203 828 1267 societas
845 1201 1099 1267 ecclesiastica
1112 1220 1134 1264 a
1148 1201 1234 1266 civi·

109 1309 131 1372 li
143 1308 378 1392 distinguitur
396 1309 547 1375 ratione·
557 1311 779 1392 extensionis,
796 1311 961 1395 temporis
975 1314 1010 1373 et
1022 1309 1235 1374 stabilitatis:

108 1416 250 1482 ratione
262 1418 485 1500 extensionis,
501 1417 668 1482 Ecclesia
682 1435 755 1482 una
772 1420 809 1482 et
821 1417 1040 1484 universalis
1054 1416 1234 1481 existima·

110 1525 175 1604 tur;
195 1522 351 1606 imperia
365 1541 454 1588 vero
473 1523 599 1590 civilia
615 1523 726 1589 cortis
744 1523 919 1588 limitibus
936 1523 1234 1589 circumscribun-

110 1631 175 1710 tur,
193 1629 350 1713 ideoque
365 1647 431 1712 pro
445 1629 660 1695 diversitate
673 1630 835 1695 locorum
855 1630 1157 1714 multiplicantur:
1179 1647 1234 1694 ra-

111 1735 204 1800 tione
222 1738 401 1822 temporis,
419 1735 587 1802 Ecclesia
612 1741 791 1821 perpetua
823 1743 933 1820 sst;e
963 1742 1092 1803 contra
1120 1754 1236 1820 regna

112 1847 255 1908 terrena
269 1844 488 1927 temporalia
506 1847 543 1909 ct
557 1845 728 1910 nutantia
757 1845 930 1911 evadunt:
946 1846 1087 1911 ratione
1103 1846 1234 1912 stabiti-

112 1953 201 2035 tatis,
221 1951 389 2018 Ecclesia
413 1951 545 2018 Christi
559 1953 853 2018 immutabilitate
868 1957 904 2018 et
920 1952 1236 2018 indefectibilitate

112 2058 255 2141 gaudet3
276 2060 443 2125 nationes
472 2069 593 2124 autem
611 2077 655 2124 ac
668 2060 807 2143 politici
832 2064 951 2125 status
975 2077 1096 2125 rerum
1113 2058 1235 2124 huma·

113 2167 388 2232 narumvioibus
419 2167 579 2232 obnoxia
592 2174 689 2250 sunt,
705 2168 789 2234 hinc
806 2169 1053 2248 immutantur,
1071 2165 1235 2231 dividun-
1291 2164 1296 2171 '

114 2277 294 2358 iuratque
312 2275 595 2340 labefactantur.

196 2380 252 2446 26.
271 2381 412 2446 Deinde
439 2364 563 2448 Sancti
577 2382 766 2448 Ecclesiae
783 2383 912 2447 Patres
947 2381 1099 2465 legitimi
1128 2380 1235 2445 tradi-

116 2485 217 2550 tionis
231 2487 435 2553 catholicae
449 2488 670 2571 interpretes
683 2489 860 2570 ejusmodi
894 2490 1089 2554 veritatem
1111 2488 1236 2569 juridi-

116 2593 411 2678 codogmaticam
425 2597 586 2662 unanimi
598 2597 917 2662 consensudocent
929 2615 973 2661 ac
986 2596 1232 2679 proclamant:

117 2703 323 2780 praeclaras
366 2720 491 2769 eorum
522 2704 722 2770 sententias
750 2705 917 2788 proferre
949 2704 1098 2768 nimium
1125 2707 1234 2782 esset;

117 2807 198 2873 satis
215 2810 263 2874 sit
277 2811 473 2877 nonnullas
490 2811 685 2877 insinuare.

177 2913 212 2980 S.
225 2916 246 2980 J
250 2933 387 2982 oannes
402 2916 655 3002 Orysostomns
671 2919 723 2983 ita
742 2917 805 2982 ait:
821 2917 967 3002 Duplam
981 2916 1121 3001 imperii
1132 2937 1237 3002 penus

119 3028 173 3102 est;
189 3023 338 3090 atterum
355 3026 454 3113 cujus
466 3045 572 3110 opera
584 3025 736 3092 bominis
745 3026 890 3110 papulis
908 3031 940 3090 et
958 3024 1098 3089 urbibus
1130 3025 1235 3108 impe-

120 3135 192 3194 rant
208 3152 248 3196 ac
261 3131 397 3198 ciuilem
412 3133 499 3198 bunc
513 3134 620 3198 vitum
635 3133 901 3209 moderantur...
934 3127 980 3196 At
1008 3151 1088 3196 uero
1115 3130 1187 3195 beic
1215 3152 1236 3194 a

119 3234 330 3323 liudquoque
347 3240 487 3324 imperii
502 3261 607 3326 persus
631 3249 692 3322 est,
722 3261 763 3305 uc
788 3239 885 3304 civiti
918 3239 1056 3323 quidem
1090 3239 1236 3322 imperio

120 3343 301 3411 sublimius.
319 3344 498 3422 Quodnam
511 3347 619 3433 igitur
632 3355 682 3413 est
693 3348 772 3412 boc?
787 3345 884 3422 Quod
895 3347 932 3410 in
942 3345 1101 3410 Ecclesia
1116 3345 1235 3429 viper...

121 3447 277 3516 basanim
294 3454 482 3537 imparium
496 3461 590 3520 tanto
608 3455 705 3520 ciuili
722 3453 944 3520 excellentius
962 3459 1089 3538 quanto
1108 3450 1236 3517 coelum

122 3561 220 3641 terra,
237 3559 305 3626 imo
322 3561 427 3626 atium
438 3563 681 3645 praestantius
699 3563 758 3640 (1).

202 3661 236 3730 S.
251 3665 412 3732 Isidorus
428 3667 614 3732 Pelusiota
630 3668 757 3752 inquit:
773 3667 832 3732 Eu·
846 3667 1040 3732 sacerdotio
1070 3672 1101 3730 et
1129 3684 1233 3750 rapno

124 3789 229 3838 rerum
260 3773 521 3841 administratio
554 3777 700 3862 conflata
732 3782 796 3854 est,·
844 3773 1001 3858 quumvis
1041 3792 1234 3857 permagna

124 3880 290 3966 utriusque
301 3883 506 3968 differentia
522 3885 579 3950 ait.
595 3883 694 3948 Illud
711 3883 801 3948 enim
819 3881 925 3946 vetuti
942 3881 1062 3946 anima
1079 3887 1143 3961 est;
1176 3880 1236 3945 boc

125 3984 204 4050 reiut
219 4007 344 4073 corpus
360 3987 421 4073 (2).

206 4095 259 4160 27.
300 4095 497 4161 Sententiis
510 4095 572 4162 SS.
585 4097 733 4163 Patrum
746 4097 975 4163 accensenda
990 4102 1045 4162 est
1059 4101 1237 4181 perpetua

130 4197 275 4211 -ᾑ-μ

189 4275 227 4340 tl)
262 4273 343 4330 Hom.
357 4275 391 4329 15
403 4276 434 4330 in
446 4273 522 4330 llud
535 4274 595 4330 Gor.
609 4281 755 4332 annatim
767 4277 793 4330 4.

187 4347 224 4414 li)
261 4343 485 4416 innitimur.
500 4349 551 4400 ilo
567 4347 641 4403 Edit.
655 4347 805 4403 Parisinus.
821 4350 889 4402 luas
