3120 4988
1118 373 1179 418 xm

111 480 236 556 aliena
256 480 379 555 nobis
400 481 583 574 videtum
607 483 763 557 etenim
782 482 961 557 scientia
980 483 1072 556 veri
1087 482 1219 556 nomi·

110 605 165 678 nis
182 626 265 680 non
297 605 616 701 quaestionibus
646 605 860 702 practicis,
884 606 957 680 sed
997 606 1220 702 principiis

110 737 280 820 constat,
316 749 426 824 quae
459 729 540 802 uisi
561 730 677 825 prius
697 730 973 804 adstruautur
993 739 1122 826 atque
1162 731 1219 804 ef·

110 853 305 950 fulgeant,
329 853 422 950 ipsa
440 853 737 949 quaestionum
753 853 907 928 solutio
926 855 1089 928 incerta
1123 854 1218 946 erit,

110 981 341 1074 crebrisque
361 980 573 1053 erroribus
589 979 788 1054 obnoxia.

206 1104 298 1177 Non
331 1103 482 1177 desunt
521 1103 702 1198 denique
736 1102 869 1199 aliqui
901 1102 1017 1177 Juris
1055 1102 1221 1177 Publici

112 1225 390 1302 Ecclesiastici
405 1235 660 1302 tractatores
694 1228 767 1322 qui
805 1237 894 1300 tum
927 1227 981 1301 ob
1008 1228 1219 1324 quosdam

112 1351 252 1427 abusos
272 1353 499 1449 practicen,
523 1363 761 1451 temporum
781 1351 937 1445 injuria
965 1353 1156 1450 pluribus
1177 1354 1220 1426 in

111 1475 204 1551 locis
240 1485 458 1573 tamquam
496 1499 635 1552 mores
680 1489 888 1574 receptos,
924 1487 1014 1551 tum
1048 1483 1223 1572 propter

113 1600 380 1695 perniciosam
402 1602 754 1698 propagationem
775 1601 994 1676 doctrinae
1010 1600 1222 1675 febronia-

113 1745 196 1816 nae,
211 1724 501 1818 jansenianae,
524 1726 795 1822 regalisticae
813 1726 882 1800 vel
919 1725 1123 1813 liberalis,
1160 1725 1219 1799 in·

113 1851 220 1944 genti
239 1849 442 1923 librorum
458 1871 632 1925 numero
650 1851 845 1941 diffusae,
868 1857 911 1924 et
942 1850 1099 1924 sensim
1132 1849 1223 1923 sine

116 1993 224 2046 seusu
257 1975 373 2071 ipsos
406 1970 722 2054 catholicorum
764 1976 928 2049 animos
961 1973 1219 2062 invadentis,

116 2117 186 2171 non
204 2099 327 2173 modo
346 2098 567 2194 generalia
582 2099 791 2196 principia
803 2098 1131 2194 parvipendunt,
1150 2118 1222 2171 ve·

116 2241 195 2296 rum
213 2223 342 2296 etiarn
361 2222 490 2296 falsas
511 2223 697 2298 theorias
713 2234 755 2296 et
775 2222 934 2319 placita
955 2242 1130 2297 erronea
1151 2221 1222 2294 do·

117 2354 201 2419 cent
218 2348 261 2421 in
279 2369 326 2421 re
346 2354 433 2421 tam
453 2347 629 2421 maximi
649 2347 864 2421 momenti.

208 2471 390 2547 Exstant
406 2472 565 2566 absque
582 2472 709 2546 dubio
748 2492 877 2567 opera
910 2492 994 2544 non
1028 2489 1164 2566 pauca
1198 2489 1224 2543 a

118 2596 208 2670 viris
227 2596 448 2670 catholicis
465 2595 699 2687 elaborata,
740 2605 830 2669 tum
863 2595 1099 2669 eruditione
1132 2601 1223 2668 tum

121 2719 295 2795 doctrina
314 2720 552 2817 praeclara3
575 2722 648 2795 sed
664 2721 813 2794 horum
829 2719 914 2794 alia
951 2740 1027 2815 pro
1061 2718 1222 2814 tyroni·

121 2842 185 2917 bus
202 2845 324 2918 nimis
344 2854 521 2919 extensa
538 2857 651 2939 sunt;
669 2845 755 2919 alia
772 2843 1080 2941 disputationes
1096 2864 1225 2939 pecu-

122 2963 229 3042 liares
244 2968 313 3044 vel
329 2968 659 3066 monographias
675 2977 841 3042 tantum
870 2966 1221 3063 complectuntur,
1253 2950 1256 2955 ’

123 3088 191 3162 alia
204 3091 443 3167 vernaculis
464 3093 622 3189 linguis
642 3094 802 3189 scripta
821 3112 905 3165 non
923 3099 1071 3188 patent
1092 3089 1222 3164 omni-

122 3212 199 3304 bus;
220 3216 303 3291 alia
319 3217 502 3313 denique
518 3219 760 3313 antiquiora
777 3217 866 3310 jam
889 3237 974 3289 non
1009 3214 1224 3289 sufficiunt

123 3341 430 3416 necessitatibus
450 3351 492 3416 et
525 3341 740 3438 praesenti
760 3339 992 3414 conditioni
1007 3339 1224 3414 societatis

123 3462 243 3538 civilis
262 3485 313 3540 ac
331 3465 574 3563 religiosae,
597 3487 733 3562 neque
749 3465 1055 3539 recentioribus
1093 3464 1223 3538 scicn-

123 3585 195 3662 tiae
209 3589 436 3664 canonicae
455 3589 727 3664 incrementis
746 3588 1018 3684 respondent.

213 3711 326 3787 Inter
346 3711 587 3806 hujusmodi
605 3735 748 3810 opera,
781 3712 1031 3808 integritate
1069 3709 1226 3784 doctri·

124 3852 191 3908 nae
205 3839 537 3912 commendanda
557 3847 599 3914 et
617 3838 821 3913 idiomate
858 3837 992 3910 latino
1030 3843 1222 3926 exarata,

127 3963 336 4058 praecipua
365 3961 491 4036 laude
510 3961 735 4037 memorari
755 3969 969 4035 merentur
988 3951 1226 4034 Institutio-

129 4099 188 4158 oer
202 4085 251 4159 ab
265 4085 427 4161 Emmo.
447 4084 573 4162 Oard.
593 4084 771 4164 Camillo
788 4087 992 4182 Tarquini
1008 4085 1226 4160 elucubra-

133 4207 199 4296 tae,
235 4212 474 4307 pariterque
509 4204 807 4288 [oscitationes
848 4231 954 4307 quas
987 4211 1032 4283 in
1064 4207 1226 4284 Scholis

135 4321 317 4410 Pontifioii
332 4333 558 4412 Seminarii
577 4335 757 4411 Romani
791 4333 1030 4431 nuperrime
1050 4329 1228 4406 tradidit
