3034 4990
780 410 960 470 ..365-

304 569 369 636 pso
384 550 526 618 Christo
537 554 744 636 immediate,
754 553 841 619 licet
855 553 1001 620 diverso
1013 553 1130 636 gradu
1142 553 1279 620 collata
1292 557 1358 636 est;
1371 553 1420 619 ita

305 671 343 724 ut
358 659 622 744 Episcoporum
638 667 675 726 et
691 660 1004 742 Presbyterorum,
1020 661 1058 725 in
1083 659 1207 742 specie
1221 667 1340 724 autem
1355 660 1416 725 Pa-

304 764 498 830 rochorum
518 767 724 848 jnrisdictio
754 784 826 832 non
855 785 878 832 a
906 767 1067 831 Romano
1085 765 1273 846 Pontifice,
1303 765 1418 830 veleb

304 869 511 954 Ordinario,
530 872 594 937 sed
611 873 658 937 ab
675 873 831 956 ipsomet
847 871 991 938 Christo
1011 873 1208 938 immediate
1224 871 1415 937 derivetur.

303 975 374 1042 Sed
390 995 472 1042 cum
487 979 583 1044 inter
610 978 676 1044 hos
706 978 889 1044 ministros
908 977 1096 1044 Ecclesiae
1115 977 1265 1043 diversa
1281 979 1328 1042 sit
1343 995 1416 1060 gra·

303 1084 415 1164 datio,
434 1084 526 1148 haec
543 1085 736 1167 unicuique
753 1091 964 1168 competunt
981 1101 1027 1149 ex
1045 1085 1182 1166 placito
1195 1084 1362 1149 Richerii.

394 1189 445 1256 1.⁰
489 1191 671 1256 Romanus
685 1191 854 1256 Pontifex
873 1197 928 1256 est
947 1189 1057 1275 Caput
1075 1191 1301 1257 ministeriale
1317 1190 1416 1255 totius

303 1296 504 1379 Ecclesiae,
524 1315 546 1360 a
563 1295 707 1363 Christo
721 1297 939 1363 constitutus
953 1296 1000 1361 ad
1017 1298 1192 1362 unitatem
1205 1297 1244 1360 in
1257 1297 1415 1361 universo

303 1403 391 1468 orbe
404 1400 610 1469 Christiano
624 1403 916 1469 conservandam
931 1419 997 1485 per
1012 1403 1215 1468 custodiam
1229 1408 1267 1467 et
1279 1419 1415 1466 exsecu-

304 1510 440 1576 tionem
455 1527 648 1592 canonum,
667 1511 818 1592 ejusque
835 1515 997 1593 potestas
1016 1511 1196 1592 regimine
1212 1510 1414 1576 aristocrati-

302 1637 340 1682 σο
354 1621 560 1697 temperata
576 1623 643 1698 est,
661 1615 963 1700 quandoquidem,
979 1617 1030 1682 uti
1048 1618 1181 1682 asserit
1195 1623 1332 1697 auctor,
1344 1618 1416 1699 ipse

303 1722 468 1804 obligare
484 1723 610 1806 nequit
630 1721 833 1788 Ecclesiam
860 1724 1119 1805 inconsultam,
1138 1723 1415 1802 dissentientem,

302 1827 469 1907 invitam,
501 1829 564 1894 rel
595 1829 809 1910 inauditam3
839 1829 924 1895 hinc
955 1847 1109 1913 pronum
1144 1835 1225 1894 erat
1258 1829 1415 1911 inficiari,

302 1939 411 2016 prout
427 1933 516 1998 iecit
532 1932 733 2018 Richerius,
756 1937 1029 2018 suprematiam,
1042 1935 1303 2019 plenitudinem
1317 1939 1352 1998 et
1366 1934 1416 1998 in-

302 2040 561 2105 fallibilitatem
573 2039 754 2107 Primatus
770 2041 963 2124 Pontificii3
980 2043 1245 2127 anprematiam,
1266 2042 1348 2125 quia
1360 2059 1415 2124 po·

302 2151 416 2211 testas
434 2147 681 2213 ministerialis
700 2149 853 2213 Romani
881 2147 1067 2214 Pontificio
1084 2155 1141 2212 est
1155 2148 1311 2212 limitata
1326 2153 1416 2231 pote-

301 2259 398 2317 state
430 2254 659 2320 ministeriali
687 2255 952 2337 Episcoporum
983 2256 1021 2320 in
1053 2254 1220 2320 Ecclesia
1251 2255 1412 2338 regenda

299 2359 561 2446 plenitudinem,
571 2359 748 2442 siquidem
763 2363 1021 2426 auctoritatem
1037 2367 1177 2426 tantum
1189 2360 1300 2428 habet
1311 2365 1346 2428 in
1357 2362 1414 2428 Ec·

301 2462 435 2528 ctesias
467 2465 710 2546 particulares
738 2483 804 2548 per
832 2469 1004 2533 mundum
1048 2468 1248 2552 disperses,
1281 2469 1415 2534 minima

302 2585 392 2633 vero
409 2570 445 2633 in
461 2568 664 2636 Ecclesiam
681 2573 929 2640 universalem
962 2575 998 2639 in
1032 2573 1195 2640 Concilio
1227 2593 1414 2659 congrega·

302 2681 389 2758 tam3
400 2679 737 2760 attamenquoniam
751 2677 952 2746 Concilium
961 2681 1087 2764 nequit
1100 2698 1182 2747 esse
1195 2699 1412 2765 permanens,

300 2783 465 2850 Summus
482 2784 653 2851 Pontifex
669 2793 708 2851 ut
725 2787 889 2853 minister
909 2785 1063 2854 Concilii
1080 2795 1217 2872 potest:
1231 2793 1259 2871 ι)
1278 2788 1415 2872 exsequi

302 2907 473 2974 canones,
493 2909 690 2976 eorumque
707 2894 980 2959 observantiam
1004 2913 1149 2978 urgere;
1172 2893 1345 2980 b>legem
1373 2895 1415 2959 di·

301 2997 438 3076 vinam,
453 2999 657 3063 naturalem
671 3006 708 3063 et
717 3001 930 3064 canonicam
940 3001 1098 3081 juridice
1108 3007 1220 3086 atque
1231 3004 1414 3069 auctorita·

301 3099 378 3162 live
408 3101 655 3184 interpretari;
688 3107 714 3185 ο)
743 3123 901 3170 canones
938 3108 1177 3173 conciliorum
1201 3109 1414 3192 generalium

301 3203 515 3286 dispensare
529 3207 610 3272 loco
624 3207 778 3275 Concilii
795 3229 868 3277 uon
886 3213 1049 3292 adunati,
1069 3215 1106 3278 in
1124 3215 1169 3279 iis
1182 3219 1322 3280 tantum
1335 3213 1415 3280 cesi·

301 3309 377 3391 bus,
395 3312 432 3375 in
450 3313 578 3394 quibus
596 3314 715 3396 ipsum
733 3313 946 3402 Concilium,
966 3321 997 3384 si
1022 3329 1121 3386 esset
1149 3325 1412 3406 congregatum,

300 3415 541 3502 dispensaret,
561 3437 692 3503 nempe
716 3440 783 3504 pro
808 3425 902 3489 bono
924 3428 1106 3492 communi
1133 3427 1335 3510 Ecclesiae,
1351 3442 1414 3492 non

301 3523 540 3606 privatorum3
554 3521 568 3564 ‘¹
583 3528 594 3606 l
612 3527 713 3607 leges
731 3545 796 3592 seu
809 3547 969 3596 canones
989 3535 1115 3598 lumin
1140 3534 1268 3599 ordine
1282 3535 1414 3616 dogma·

301 3627 386 3708 tice,
406 3634 480 3694 tum
498 3631 535 3694 in
552 3631 779 3715 disciplinari
797 3637 967 3720 condere,
987 3641 1211 3705 necessitate
1240 3642 1414 3722 postulan-

300 3740 350 3816 te,
365 3735 435 3800 hoc
447 3741 514 3818 est,
531 3753 611 3802 cum
625 3745 786 3822 nequeat
799 3739 999 3810 Concilium
1018 3747 1228 3829 convocari,
1246 3746 1311 3812 sed
1324 3747 1411 3811 dum·

301 3842 457 3906 taretin
481 3849 560 3907 acta
570 3845 705 3927 primo,
720 3863 805 3911 nam
821 3857 919 3914 actua
946 3853 1133 3934 secundae,
1153 3853 1206 3916 ait
1222 3851 1412 3930 Richerius,

302 3959 365 4005 seu
383 3962 493 4010 causa
510 3948 673 4014 formalis
701 3956 737 4015 et
765 3955 921 4019 actualis
940 3956 1129 4040 obligandi
1161 3959 1209 4023 ab
1237 3958 1413 4025 Ecclesiae

302 4051 684 4139 consensudependet,
704 4058 858 4143 ideoque
882 4065 1110 4144 pontificium
1136 4067 1327 4134 decretum
1354 4081 1413 4132 non

302 4157 358 4214 est
369 4152 520 4239 firmum,
536 4161 605 4226 nisi
618 4165 771 4230 accedat
798 4169 1017 4237 universalis
1048 4173 1217 4240 Ecclesia
1243 4175 1412 4258 approba·

303 4255 365 4334 tio;
381 4257 797 4349 deniquelogicurnerat
823 4274 1006 4344 Pontificis
1034 4281 1330 4367 infallibilitatem
1357 4277 1411 4344 dii·
