3034 4990
819 367 995 426 -300..

346 511 468 578 Status
482 512 673 596 aequalem
687 511 950 594 protectionem
964 513 1155 594 praestare
1167 513 1336 576 teneatur
1349 509 1459 574 subdi·

347 618 393 682 tis
412 619 590 700 omnibus,
605 619 684 683 sive
698 617 885 700 catholici,
900 618 979 682 sive
996 616 1173 682 increduli
1184 621 1246 680 aut
1258 615 1460 679 indifferen-

348 731 401 789 tes
418 726 502 804 sint;
520 725 666 806 etenim,
685 725 713 807 ⁸)
731 742 802 788 uon
815 723 922 789 datur
938 741 1005 789 nec
1024 724 1173 806 agnosci
1187 727 1308 804 potest
1332 723 1391 802 jus
1419 723 1461 784 ad

348 848 521 912 errorem3
542 831 635 894 unde
664 829 785 895 Status
805 831 991 895 socialiter
1008 849 1071 895 seu
1088 830 1126 894 vi
1143 830 1235 912 legis
1256 831 1459 893 fundamen·

348 937 431 1001 talis
444 937 684 1001 sectatoribus
698 941 807 1018 atque
825 936 1019 1002 incredulis
1037 937 1164 1002 favere
1181 936 1318 1016 nequit,
1339 935 1459 998 multo-

348 1061 417 1125 que
435 1043 601 1108 minusei
629 1044 685 1106 fas
712 1051 767 1106 est
797 1045 1013 1125 professioni
1046 1043 1107 1108 vel
1140 1041 1326 1106 diffusioni
1349 1040 1460 1104 falsae

347 1151 536 1216 doctrinae
552 1149 709 1231 positive
726 1151 931 1233 cooperari;
949 1147 975 1230 b)
992 1149 1036 1215 de
1053 1153 1213 1230 caetero,
1229 1165 1310 1213 cum
1323 1147 1458 1230 religio,

349 1258 400 1320 uti
427 1255 519 1320 alias
537 1254 876 1337 demonstravimus,
906 1256 1180 1320 fundamentum
1204 1258 1324 1320 exstet
1339 1255 1460 1320 directe

348 1361 565 1426 moralitatis
583 1378 649 1443 pro
668 1362 800 1426 mutuis
817 1362 945 1426 officiis
963 1360 1169 1444 implendis,
1187 1361 1352 1426 indirecte
1377 1377 1459 1424 vero

348 1467 624 1552 tranquillitatis
642 1467 811 1550 publicae
829 1475 865 1532 et
885 1468 1020 1534 ordinis
1038 1469 1184 1534 socialis
1201 1485 1267 1551 pro
1285 1468 1459 1532 servanda

349 1583 440 1657 pace
453 1583 490 1640 et
507 1574 703 1657 temporali
720 1575 897 1639 felicitate
911 1574 1121 1658 obtinenda,
1150 1573 1260 1638 facile
1286 1579 1341 1638 est
1355 1575 1458 1656 conji-

349 1697 433 1744 cere
461 1697 534 1745 non
554 1679 719 1746 eamdem
737 1680 1068 1746 considerationem
1084 1681 1227 1762 mereri,
1247 1694 1375 1763 'neque
1407 1697 1458 1742 ae·
1497 1661 1498 1714 l

353 1785 452 1866 quali
465 1787 649 1868 praesidio
668 1805 748 1852 esse
763 1787 890 1870 dignos
908 1786 1071 1852 subditos
1089 1787 1301 1870 catholicos,
1317 1787 1375 1870 qui
1403 1805 1458 1850 ve·
1498 1775 1499 1834 l

350 1908 428 1956 ram
458 1893 672 1976 religionem
704 1895 915 1976 prolitentes
944 1895 1234 1960 fundamentalia
1282 1893 1457 1960 societatis
1499 1889 1500 1948 l

349 1997 529 2064 humanae
558 2000 739 2084 principia
774 2006 1020 2084 propugnant,
1052 2001 1258 2082 bonumque
1286 1999 1457 2084 publicum
1500 2005 1501 2064 l

350 2113 580 2189 promovent,
598 2125 642 2172 ac
656 2109 757 2172 cives
770 2107 987 2190 incredulos,
1019 2107 1079 2190 qui
1097 2125 1359 2192 quamcumque
1384 2108 1457 2172 reli·
1501 2119 1502 2184 l

351 2211 494 2293 gionem
506 2213 720 2296 revelatam,
737 2213 808 2279 imo
826 2213 1021 2296 positivam
1040 2214 1243 2279 inficiantes
1257 2215 1318 2279 vel
1331 2215 1456 2297 impug·
1502 2233 1503 2298 p

351 2324 492 2401 nantes,
512 2319 590 2403 ipso
619 2321 716 2385 lacto
744 2321 982 2386 fundamenta
1009 2323 1194 2386 societatis
1223 2322 1397 2404 impetunt
1425 2326 1457 2384 et
1503 2347 1504 2406 p

352 2424 514 2490 ordinem
527 2427 699 2492 socialem
715 2428 945 2493 subvertunt.
1504 2463 1505 2522 q

440 2530 605 2616 Denique
624 2551 646 2596 a
679 2535 834 2598 veritate
867 2551 1015 2617 prorsus
1049 2535 1221 2600 abhorret
1248 2538 1455 2618 postremum

354 2643 595 2704 commentum
615 2640 853 2706 atautoribus
880 2640 1178 2706 Indifierentismi
1209 2641 1454 2724 excogitatum,

352 2763 493 2829 nempe,
523 2745 623 2810 iacta
656 2753 809 2812 externa
842 2751 878 2812 et
909 2749 1055 2830 publica
1083 2749 1307 2832 repressioni
1332 2755 1454 2812 tantum

351 2853 577 2934 subjicienda
608 2859 703 2935 sunt,
733 2854 866 2937 quippo
899 2872 992 2936 quae
1009 2856 1171 2921 ordinem
1188 2855 1361 2921 socialem
1385 2853 1453 2918 sub·

352 2968 472 3042 ruunt,
492 2961 636 3026 minime
662 2969 782 3026 autem
798 2961 949 3044 judicia,
978 2962 1166 3027 doctrinae
1195 2967 1233 3027 et
1268 2963 1452 3046 opiniones,

352 3087 459 3152 quae,
478 3068 584 3132 salva
602 3070 748 3152 publica
767 3087 858 3151 paco
876 3075 912 3134 et
928 3069 1053 3136 ordine
1082 3069 1210 3136 sociali
1238 3075 1393 3152 servato,
1419 3067 1452 3131 li-

352 3176 438 3240 bere
454 3177 623 3241 sustineri
643 3177 701 3240 vel
720 3177 903 3258 divulgari
920 3182 1067 3260 queunt.
1084 3177 1162 3242 Hoc
1179 3177 1364 3260 singulare
1376 3175 1452 3240 eiiu-

352 3285 447 3366 gium
466 3291 501 3348 et
519 3301 672 3348 erronea
689 3284 1020 3366 praescindentium
1037 3286 1191 3350 assertio
1221 3284 1451 3350 confutatione

352 3391 500 3474 proprie
518 3390 614 3454 dieta
632 3409 704 3454 non
721 3391 871 3472 indigen
889 3409 975 3456 nam
988 3391 1160 3474 quotidie,
1179 3396 1273 3456 teste
1306 3392 1451 3456 luctuosa

352 3501 592 3583 experientia,
612 3501 791 3566 cernimus
804 3501 956 3568 theorias
973 3502 1082 3585 plane
1096 3501 1273 3566 absurdas
1305 3505 1342 3567 et
1369 3501 1451 3566 idea

353 3609 509 3674 maxime
536 3607 761 3690 perniciosas
779 3607 814 3672 in
833 3609 974 3690 praxim
991 3609 1285 3692 frequentissime
1302 3608 1451 3675 reductas

353 3716 487 3780 exitum
515 3721 624 3798 atque
669 3715 958 3796 acceptationem
992 3715 1087 3799 apud
1121 3717 1274 3799 populos
1307 3715 1451 3782 obtinere

354 3841 485 3903 magno
503 3823 722 3904 integritatis
740 3821 820 3886 fidei
850 3841 894 3886 ac
923 3841 1061 3888 morum
1076 3823 1306 3907 detrimento,
1332 3817 1450 3906 ingenti

354 3929 490 3994 ordinis
506 3931 652 3994 socialis
670 3935 706 3994 et
723 3929 891 4012 publicae
908 3932 1009 4012 pacis
1039 3931 1199 4014 jactura,
1220 3935 1257 3998 et
1273 3931 1364 3998 haud
1380 3943 1449 3994 raro

356 4035 459 4098 totali
475 4035 636 4116 gentium
654 4051 919 4118 regnorumque
932 4037 1138 4104 eversione.
