3024 4994
823 387 999 455 -246—

443 536 495 606 4.⁰
542 539 709 605 Admissa
727 539 902 622 ejusmodi
920 539 1124 624 hypothesi,
1143 539 1244 604 locus
1270 541 1364 604 esset
1395 557 1465 603 am·

354 645 501 730 bigendi
530 646 575 711 de
596 645 788 712 validitate
805 653 869 712 aut
882 649 1052 714 nullitate
1084 647 1227 710 actuum
1253 645 1466 727 jurisdictio·

354 755 490 820 nalium
507 753 781 838 Episcoporum,
810 755 840 819 si
870 755 1025 838 quando,
1044 755 1215 819 restricta
1228 753 1290 818 vel
1308 752 1431 817 ablata
1448 772 1466 816 a

353 861 514 926 Romano
531 860 981 944 Pontificejurisdiotione,
1012 861 1157 926 dubium
1188 863 1345 926 oriretur
1372 861 1466 925 circa

353 969 561 1050 veritatem,
595 967 773 1048 Justitiam
804 968 865 1033 vel
896 967 1151 1033 sufficIentiam
1198 965 1345 1050 causae,
1378 985 1465 1049 quae

333 1155 335 1162 γ
354 1073 609 1158 providentiae
628 1073 835 1156 pontificiae
852 1073 1125 1138 fundamentum
1139 1073 1320 1155 praebuit:
1340 1075 1463 1138 etenim

356 1181 469 1245 semel
485 1179 715 1263 proclamata
732 1177 899 1244 doctrina
912 1178 957 1244 de
970 1179 1178 1245 immediate
1192 1179 1367 1261 origines
1381 1177 1462 1258 Deo,

354 1304 434 1352 cum
452 1285 618 1352 Summus
635 1283 805 1350 Pontifex
819 1286 1108 1368 jurisdictionem
1126 1303 1198 1350 non
1212 1287 1389 1366 conferat,
1408 1283 1464 1348 sed

353 1393 494 1475 abipso
513 1390 654 1456 Christo
674 1392 841 1474 proxime
868 1393 1101 1476 suscipiatur,
1136 1410 1209 1456 nou
1225 1391 1295 1456 nisi
1320 1392 1463 1455 interce·

354 1501 462 1566 dente
476 1517 589 1564 causa
603 1499 770 1580 legitima
787 1503 823 1563 et
835 1499 935 1580 Justa
952 1517 998 1564 ex
1015 1509 1120 1582 parte
1147 1499 1407 1582 Episcoporum
1434 1504 1464 1561 et

354 1608 541 1673 Ecclesiae
558 1606 728 1690 praefata
745 1610 908 1689 potestus
938 1607 1108 1688 restringi
1136 1612 1173 1670 ct
1205 1607 1285 1670 tolli
1316 1589 1462 1684 valeret,

353 1715 417 1780 sed
436 1732 516 1780 cum
535 1713 646 1778 facile
664 1719 761 1776 esset
779 1712 946 1777 dubitare
963 1731 1009 1777 an
1026 1712 1341 1786 exstiteritnecue
1362 1730 1464 1776 causa

352 1822 477 1904 gravis
496 1825 532 1884 et
549 1819 829 1902 proportionata
864 1837 929 1900 pro
964 1819 1199 1884 revocatione
1231 1819 1292 1884 vel
1323 1817 1463 1900 speciali

352 1929 582 1995 restrictione
593 1925 871 2008 jurisdictionis,
887 1925 1059 2008 Episcopi
1076 1931 1204 1989 contra
1222 1923 1262 1988 R.
1291 1923 1463 1988 Pontificis

352 2037 579 2104 voluntatem
595 2039 631 2097 et
649 2050 730 2097 cum
748 2033 874 2115 populi
890 2032 1079 2096 christiani
1097 2031 1302 2096 offensione
1314 2049 1336 2095 a
1349 2049 1462 2112 regen·

351 2143 406 2208 dis
424 2140 598 2206 Ecclesiis
616 2158 689 2204 non
708 2140 938 2222 desisterent,
974 2139 1117 2204 validos
1149 2144 1323 2221 ratesque
1353 2138 1462 2202 existi-

350 2253 491 2314 mantes
508 2265 592 2312 euos
611 2252 715 2310 actus
740 2245 1067 2328 jurisdictionalcs,
1087 2249 1125 2310 et
1141 2245 1303 2310 vicissim
1335 2244 1460 2323 fideles,

352 2357 463 2420 animi
481 2355 673 2418 anxietate
690 2351 814 2434 aflicti,
830 2353 1015 2416 nescirent
1028 2351 1207 2435 quomodo
1221 2353 1257 2416 in
1272 2355 1372 2416 tauto
1390 2367 1461 2414 con-

351 2464 449 2527 flictu
466 2479 505 2526 se
523 2477 653 2544 gerere
672 2459 861 2540 deberent,
892 2463 1010 2523 utrum
1040 2459 1285 2524 obedientiam
1308 2460 1380 2523 suis
1405 2457 1459 2520 Pa·

351 2570 507 2634 storibus
525 2568 731 2632 detrectare
750 2565 852 2631 hisce
865 2566 902 2630 in
920 2567 1064 2631 casibus
1082 2566 1150 2650 ⁸fus
1182 2571 1293 2650 esset,
1312 2566 1371 2632 vel
1389 2582 1461 2628 uum

351 2678 396 2743 ab
413 2675 646 2760 Apostolicae
664 2673 765 2738 Sedis
781 2673 928 2738 decreto
954 2679 991 2738 et
1008 2673 1190 2738 sententia
1211 2673 1400 2738 dissentire
1427 2671 1460 2734 li-

351 2785 460 2850 citum
500 2755 707 2846 haberetur:
739 2780 822 2845 hinc
856 2781 988 2862 cuique
1021 2799 1177 2864 pronum
1212 2791 1269 2846 est
1301 2781 1460 2862 colligere

351 2899 437 2976 quot
450 2889 755 2975 perturbationes,
774 2887 975 2952 schismata
990 2891 1026 2952 et
1043 2889 1246 2953 schandala
1261 2889 1460 2954 induceren-

350 3003 407 3062 tur
425 2999 462 3063 in
481 2997 681 3060 animarum
699 2994 897 3076 perniciem
915 2999 950 3059 et
968 3012 1049 3059 cum
1083 2995 1223 3078 ingenti
1249 2995 1459 3061 orthodoxae

351 3105 434 3169 fidei
448 3110 485 3168 et
501 3103 704 3168 catholicae
722 3103 983 3167 communionis
997 3105 1159 3185 J'actura.

366 3217 370 3226 '
440 3211 514 3274 151.
564 3209 693 3294 Opinio
711 3229 799 3277 vero
818 3231 911 3296 quae
944 3215 1179 3280 collationem
1209 3211 1459 3295 Jurisdictionis

350 3318 568 3402 episcopalis
587 3318 769 3384 mediante
786 3321 946 3385 Romano
963 3321 1139 3386 Pontifice
1153 3322 1318 3404 explicat
1338 3339 1379 3384 sc
1396 3323 1457 3382 tue·

350 3433 420 3508 tur,
450 3423 556 3490 hodie
584 3427 878 3508 probabilissima
904 3433 940 3492 et
971 3430 1049 3494 fere
1067 3430 1281 3509 communis,
1304 3415 1307 3420 ’
1332 3423 1458 3492 etiarnsi

350 3532 563 3616 quibusdam
579 3534 729 3599 levioris
750 3538 921 3601 momenti
940 3537 1286 3603 inconvenientibus
1304 3533 1395 3601 haud
1411 3551 1456 3598 ca-

350 3646 442 3721 reat,
461 3645 497 3702 et
510 3644 660 3722 propter
674 3641 742 3705 hoc
769 3642 923 3707 forsitan
958 3641 1123 3709 Consilia
1152 3643 1399 3710 Tridentiuum
1428 3643 1457 3701 et

350 3743 566 3810 Vaticanum
598 3748 750 3812 solemni
768 3753 804 3812 et
821 3750 1080 3815 irreformabili
1115 3753 1308 3818 sanctione
1341 3768 1413 3816 eam
1429 3749 1457 3808 in

350 3853 543 3918 veritatem
574 3855 817 3937 dogmaticam
857 3857 1016 3924 evehere
1043 3860 1202 3924 nondum
1228 3869 1456 3943 opportunum

351 3955 542 4042 duxeruut,
560 3963 663 4026 nobis
680 3967 802 4028 tamen
819 3982 963 4048 semper
982 3967 1064 4032 visa
1094 3974 1149 4032 est
1183 3969 1326 4033 ueritati
1359 3960 1456 4043 magis

352 4077 519 4147 consona,
537 4069 746 4136 institutioni
774 4071 913 4138 divinae
942 4073 1078 4155 gradus
1109 4075 1333 4158 episcopalis
1365 4067 1457 4137 valde

353 4179 566 4253 congruens,
582 4180 618 4237 et
636 4175 791 4241 claritati
802 4180 960 4244 maxime
974 4181 1184 4247 consulens.

441 4273 489 4338 l.⁰
542 4277 686 4346 Veritati
699 4284 807 4364 plane
823 4287 1035 4371 concordas
1056 4291 1231 4373 quoniam
1248 4307 1336 4356 vere
1366 4283 1452 4373 pouit
