3120 4988
571 412 728 470 ..65-

109 561 136 620 et
151 557 289 639 generis
307 556 424 622 tendit
441 556 594 640 ideoque
613 557 744 621 neutra
759 554 902 621 ratione
929 556 984 621 sui
1016 557 1063 621 ab
1094 557 1212 624 altera

107 663 234 746 pendet
252 659 278 745 b)
309 663 396 747 quia
438 661 627 728 Ecclesiae
669 663 958 746 praeeminentia
986 664 1210 731 solummodo

109 769 256 835 innititur
266 767 556 834 subordinationi
568 767 756 834 felicitatis
773 770 998 852 temporalia,
1013 771 1116 852 quus
1129 789 1209 854 pro-

107 878 266 942 curationi
283 876 495 961 praeflcitur
514 879 678 958 potestas
706 875 837 957 civilis,
857 875 903 940 ad
935 881 1122 942 aeternam
1155 896 1209 944 sa·

105 986 213 1070 lutem,
233 986 336 1068 cujus
355 1001 444 1049 cura
461 983 650 1048 Ecclesiae
667 983 887 1048 demandata
904 989 972 1066 est;
989 987 1014 1066 0)
1032 986 1117 1069 quia
1130 1003 1209 1051 sen·

105 1093 205 1157 tentia
221 1091 408 1158 contraria
424 1090 524 1156 nullo
542 1089 647 1155 modo
666 1091 727 1155 vel
743 1089 957 1156 difficillime
974 1109 1054 1157 cum
1087 1091 1208 1158 decre·

104 1200 361 1280 tisl’ontificiis,
392 1198 524 1281 agendi
543 1198 685 1263 ratione
718 1197 874 1264 Sanctae
906 1198 1007 1264 Sedis
1039 1203 1076 1265 et
1103 1218 1212 1266 sensu

105 1309 283 1374 universae
296 1305 518 1372 Traditionis
536 1306 705 1390 componi
722 1307 837 1388 valct;
854 1307 881 1388 l)
899 1308 985 1390 quia
1002 1308 1124 1390 opinio
1149 1325 1211 1373 ve-

102 1421 208 1480 terum
240 1414 524 1497 canonistarum,
558 1414 619 1497 qui
640 1431 847 1497 supremam
867 1418 1087 1497 potestatem
1119 1415 1211 1481 dire·

102 1527 188 1587 ctam
211 1523 246 1588 in
263 1525 479 1587 societatem
500 1522 647 1587 civilem
672 1520 861 1587 Ecclesiae
889 1523 1109 1606 tribuebant,
1128 1533 1212 1607 post

102 1629 378 1713 sapientissimas
410 1629 680 1713 disquisitiones
710 1627 1042 1696 OardBellarmini
1066 1631 1103 1695 in
1137 1631 1211 1695 suis

104 1737 343 1804 Controveruiis
359 1742 396 1801 et
408 1737 543 1804 aalma·
557 1735 719 1802 Suarezii
736 1737 772 1800 in
793 1738 1102 1825 Defensioaefider',
1117 1754 1211 1822 pene

102 1845 252 1910 obsoleta
275 1845 441 1927 habetur,
460 1847 498 1910 et
515 1844 578 1910 vix
607 1848 670 1909 aut
686 1863 733 1910 ne
751 1844 814 1908 vix
837 1843 982 1927 quidem
998 1844 1116 1909 solide
1128 1863 1209 1928 pro·

101 1952 276 2018 habilitate
294 1951 440 2035 gaudet3
460 1970 569 2035 quam
587 1952 726 2016 obrem
744 1950 947 2016 doctrinam
979 1949 1024 2015 de
1049 1951 1210 2035 superio·

101 2059 198 2124 ritate
211 2062 381 2126 iadirecta
395 2060 686 2142 nuncupavimus
703 2059 802 2124 lodie
816 2059 891 2144 fere
909 2065 1038 2124 certam
1061 2067 1092 2124 et
1123 2081 1210 2125 com·

101 2169 236 2232 inaniter
257 2168 354 2252 apud
373 2168 528 2254 juristae
558 2174 590 2231 et
614 2166 782 2251 theolopos
810 2166 995 2231 catholicoe
1023 2174 1207 2250 receptam.

101 2276 257 2343 Attamen
272 2275 567 2342 animadvertere
584 2279 730 2359 oportet
741 2275 944 2340 Ecclesiam
958 2275 1135 2357 judicium
1151 2275 1209 2340 de-

101 2385 265 2450 finitivum
282 2385 399 2450 haein
412 2383 665 2449 controversia
678 2381 836 2447 nondum
865 2380 1004 2462 tulisse3
1020 2381 1114 2446 unde
1127 2381 1210 2447 Pius

101 2490 147 2556 lx
161 2492 195 2556 in
209 2491 441 2558 damnatione
454 2489 715 2574 propositionis
729 2488 850 2554 XXIV
867 2487 1210 2572 Syllabi-«Eccle-

102 2598 149 2662 sia
163 2601 232 2664 vim
245 2598 425 2664 inferendi
443 2601 662 2680 potestatem
676 2596 887 2678 nonhabet,
905 2613 1023 2680 neque
1052 2601 1209 2680 potesta-

102 2711 165 2770 tem
182 2707 288 2771 ullam
306 2706 545 2790 temporalem
564 2704 741 2769 directam
758 2703 819 2768 vel
834 2703 1072 2769 indirectam»
1090 2741 1132 2750 -
1146 2703 1211 2768 Ec-

103 2812 223 2878 clesiae
240 2813 443 2879 vindicavit
454 2819 660 2898 potestatem
675 2811 956 2893 intemporalia,
990 2810 1054 2876 sed
1082 2811 1211 2876 nolens

103 2923 338 3000 quaestionem
366 2921 403 2984 in
431 2920 565 2985 scholis
599 2917 789 2984 catholicis
820 2917 994 3001 agitatam
1026 2917 1208 3000 dirimere,

104 3030 281 3111 usurpavit
296 3028 412 3093 verba
429 3028 597 3094 directam
609 3026 671 3092 vel
688 3027 908 3093 indirectam.

179 3135 229 3200 2.0
275 3137 455 3201 Primatus
473 3135 661 3201 Ecclesiae
680 3152 771 3219 prae
788 3135 966 3200 societate
992 3134 1092 3202 civili
1105 3135 1211 3220 apiri-

103 3242 195 3308 laclia
227 3247 294 3325 cst,
311 3249 385 3308 tum
403 3243 544 3308 ratione
559 3244 718 3329 oripiaie,
734 3243 819 3326 quia
837 3242 1042 3307 continetur
1065 3241 1211 3326 inpote-

103 3353 184 3414 state
197 3350 367 3433 clavium,
380 3355 454 3414 turn
468 3349 609 3414 ratione
623 3350 778 3437 sabjecti,
794 3349 879 3432 quia
890 3366 979 3432 erga
992 3348 1210 3415 christianos

103 3449 388 3540 exterretur-,tum
406 3458 548 3522 ratione
562 3459 656 3544 fiais,
675 3457 761 3540 quia
778 3455 824 3519 ad
847 3456 954 3521 finem
983 3455 1210 3538 spiritualem

103 3563 215 3644 tendit;
234 3563 298 3629 sed
322 3565 490 3648 quamvis
515 3581 604 3630 vere
619 3564 818 3650 spiritualis
835 3563 881 3628 sit
908 3568 1031 3628 tamen
1059 3566 1209 3646 propter

104 3669 354 3736 ordinationem
370 3673 432 3738 vel
450 3672 666 3737 relationem
695 3687 822 3736 verum
853 3669 899 3734 ad
921 3669 1028 3735 finem
1047 3670 1209 3736 ultimum

104 3778 134 3837 et
148 3781 471 3863 supernaturalem,
502 3780 620 3844 civilia
649 3781 686 3843 et
701 3778 908 3862 temporalia
942 3777 1207 3860 complectitur,

105 3897 140 3944 eo
165 3885 256 3969 quod
288 3890 452 3970 potestas
481 3885 662 3952 indirecta
691 3889 822 3968 suapte
848 3888 980 3950 natura
1008 3885 1209 3968 spiritualis

106 3999 305 4059 exerceatur
334 3994 372 4058 in
406 3993 600 4059 societates
627 3992 754 4058 civiles
782 3997 819 4057 et
850 3991 976 4058 influat
1008 3993 1045 4058 in
1071 3996 1208 4076 tempo-

106 4097 197 4182 ralia,
215 4105 394 4184 quatenus
408 4119 466 4167 res
484 4101 612 4167 civiles
631 4105 667 4166 et
683 4100 903 4184 temporales
916 4103 1122 4185 respectum
1149 4101 1210 4166 vel

106 4209 352 4275 connexionem
367 4227 447 4275 cum
463 4209 686 4275 conscientia
699 4210 920 4293 etreligioue
933 4209 1142 4293 importent;
1157 4213 1208 4272 at-

111 4325 168 4392 que
183 4321 265 4384 tune
282 4317 376 4384 ratio
394 4318 573 4384 naturalis
591 4317 705 4383 dictat
721 4318 909 4384 civitatem
928 4316 1059 4382 cedere
1076 4315 1209 4381 debere

1104 4427 1119 4474 e
