3024 4994
811 433 847 449 -·
871 401 988 462 eto-

340 547 470 612 ctlonis
488 551 587 612 certe
601 565 622 611 a
635 545 712 610 Deo
729 551 785 612 est
800 545 1007 612 immediate
1021 551 1057 612 et
1071 548 1249 630 proxima
1270 567 1351 614 cum
1365 549 1448 614 enin

340 653 528 720 Electores
546 653 668 736 Papae
692 654 791 718 illam
806 653 1094 736 jurisdictionem
1127 673 1198 720 non
1234 657 1448 738 contineant,

340 777 420 826 eam
438 779 460 824 a
476 778 516 826 se
534 761 569 826 in
587 759 795 842 Subjectnm
813 760 908 843 quod
926 759 1077 843 eligunt,
1095 759 1267 826 derivare
1285 781 1357 828 non
1380 781 1448 847 pos-

342 873 436 934 sunt.
471 867 567 933 Nihil
585 869 694 951 igitur
726 873 852 950 agunt,
886 868 954 931 nisi
974 871 1012 932 ut
1029 885 1224 950 personam
1256 869 1447 952 designent,

342 976 400 1042 cui
417 973 580 1042 Christus
598 979 816 1059 potestatem
841 993 863 1038 a
876 991 915 1038 ss
932 975 1134 1040 institutam
1152 977 1351 1042 secundum
1379 995 1449 1060 pro·

341 1081 547 1148 missionem
566 1099 667 1146 suam
685 1079 815 1144 deinde
833 1080 1012 1144 conterat.

430 1187 617 1270 Quartum:
638 1188 803 1252 Potestas
819 1185 1087 1254 iurisdictionis
1115 1188 1152 1253 in
1169 1188 1373 1272 Episcopis,
1399 1189 1451 1252 ab·

341 1294 459 1360 solute
476 1299 512 1358 et
525 1294 738 1378 simpliciter
756 1294 950 1378 loquendo,
984 1294 1053 1360 buc
1081 1301 1148 1376 est,
1180 1297 1342 1383 objectioe
1365 1301 1398 1360 et
1418 1299 1450 1360 ia

341 1404 513 1468 abstracto
530 1406 710 1484 spectata,
731 1401 1056 1484 praescindendae
1074 1419 1232 1485 persona
1257 1404 1318 1468 vel
1345 1403 1450 1484 subje-

341 1513 400 1574 eto
418 1510 476 1573 cui
493 1507 670 1581 inhaeret.
686 1509 893 1574 immediate
907 1513 942 1573 et
956 1509 1119 1592 proxime
1138 1509 1248 1574 etiaim
1267 1529 1289 1574 a
1303 1509 1376 1574 Deo
1390 1517 1448 1588 est,

341 1617 427 1700 quia
445 1635 466 1681 a
483 1615 625 1682 Christo
645 1615 798 1680 Domino
816 1616 981 1681 instituta
999 1617 1079 1698 fuit,
1109 1617 1255 1700 quando
1276 1618 1447 1700 episcopa-

342 1731 416 1790 tum
435 1725 577 1790 creavit
594 1723 708 1790 veluti
726 1723 878 1806 gradum
892 1721 1067 1805 divinum,
1084 1724 1344 1804 necessarium,
1370 1741 1449 1787 sem·

342 1848 479 1917 perque
496 1831 531 1896 in
550 1829 716 1896 Ecclesia
732 1829 944 1896 duraturum
963 1848 1028 1914 pro
1045 1830 1329 1913 participatione
1342 1839 1450 1913 pasto·

342 1941 429 2006 ralis
447 1939 714 2022 sollicitudinis,
730 1940 836 2020 juxta
854 1939 969 2004 verba
985 1937 1020 2003 S.
1039 1937 1142 2004 Pauli
1162 1939 1270 2004 toties
1299 1937 1448 2004 laudata:

343 2045 515 2113 Attendite
532 2047 626 2112 vobis
642 2053 673 2112 et
689 2048 849 2112 universo
865 2047 971 2131 prepi,
989 2047 1024 2110 in
1040 2067 1103 2130 quo
1122 2067 1181 2112 voe
1193 2045 1348 2130 Spiritus
1373 2045 1449 2110 Suo·

342 2161 415 2222 etue
428 2155 545 2240 posuit
562 2153 738 2238 episcopeo
754 2173 868 2238 repere
885 2151 1078 2218 Ecclesiam
1096 2153 1165 2218 Dei
1179 2153 1239 2236 (l).

433 2259 507 2326 147.
556 2258 665 2324 Hisce
683 2258 927 2324 fundamentis
955 2259 1167 2342 praejactis,
1186 2260 1371 2342 quaeritur
1386 2275 1449 2322 mo·
1505 2319 1506 2324 ,

343 2367 387 2433 db
407 2373 523 2432 utrum
542 2370 704 2448 potestas
721 2365 990 2432 iurisdictionis
1004 2366 1040 2430 ia
1054 2371 1208 2430 concreto
1223 2363 1449 2440 considerata,

342 2475 447 2556 ides,
466 2476 649 2562 subjective
666 2483 822 2556 sumpta,
839 2473 915 2554 jam
932 2469 1188 2552 determinata,
1210 2478 1246 2536 et
1264 2477 1302 2535 ut
1330 2471 1378 2534 ita
1408 2469 1448 2532 di·

344 2600 436 2662 cam,
457 2582 493 2646 in
511 2581 701 2665 Episcopis
735 2580 1004 2664 personiflcata,
1029 2577 1076 2642 sit
1092 2577 1300 2644 immediate
1332 2597 1353 2641 a
1382 2577 1449 2642 Deo
1504 2625 1505 2628 ,

344 2690 444 2754 vela
477 2689 637 2752 Romano
670 2687 856 2753 Pontifice.
875 2685 1020 2769 Duplex
1037 2683 1134 2768 apud
1147 2684 1336 2768 theologos
1353 2690 1386 2749 et
1401 2701 1450 2748 ca·

347 2797 511 2862 nonistas
529 2799 649 2860 exstat
666 2795 724 2860 vel
744 2795 863 2878 potius
880 2793 1032 2874 exstitit,
1047 2794 1133 2876 quia
1149 2793 1271 2875 opinio
1288 2793 1449 2874 originem

347 2901 593 2968 immediatam
611 2921 633 2966 a
645 2901 722 2966 Deo
741 2902 924 2966 sustinens
938 2900 1044 2966 hodie
1058 2899 1296 2983 paucissimos
1310 2896 1448 2982 petroci·
1503 2885 1504 2950 l

345 3013 493 3075 natones
522 3008 644 3090 habet3
665 3007 853 3073 undetere
887 3007 1050 3072 obsoleta
1077 3010 1259 3088 censetur,
1295 3005 1450 3086 tenuique

344 3115 605 3199 probabilitate
630 3115 777 3197 gaudet.
807 3115 879 3179 Alii
897 3119 1086 3178 autumant
1116 3116 1334 3197 potestatem
1356 3111 1449 3195 juris¹

345 3220 683 3288 dictionisaOristo
715 3221 922 3286 immediate
951 3221 1148 3285 transmitti
1182 3220 1219 3284 in
1252 3219 1447 3302 Episcopus

345 3329 511 3414 quamvis
536 3333 687 3393 servata
705 3345 849 3410 semper
866 3326 1163 3392 subordinatione
1186 3325 1406 3391 hierarchica
1420 3329 1449 3385 et

344 3437 555 3503 necessaria
572 3434 819 3518 dependentia
837 3453 859 3498 a
876 3432 1050 3516 Supremo
1082 3433 1244 3515 Pastore,
1263 3431 1321 3496 cui
1337 3427 1447 3496 divini·
1501 3431 1502 3448 ¹

345 3551 402 3610 tus
434 3544 569 3609 collata
586 3547 641 3606 est
659 3545 821 3624 potestas
858 3541 1016 3608 clavium
1033 3545 1142 3623 atque
1161 3537 1344 3621 plenitudo
1357 3535 1448 3618 juris·

345 3650 526 3733 dictionis,
541 3649 695 3734 ideoque
713 3647 887 3731 competit
899 3665 963 3730 per
981 3646 1271 3729 designationem
1289 3639 1447 3709 dioecesis

346 3758 508 3824 subditos
526 3758 727 3839 assignare,
748 3762 785 3820 ut
798 3755 1002 3836 jurisdictio
1032 3757 1263 3818 exerceatur:
1295 3751 1355 3817 alii
1381 3765 1446 3814 ren·

346 3871 404 3929 tur
422 3871 459 3930 et
476 3866 560 3930 totis
587 3863 724 3936 viribus
737 3863 958 3928 contendunt
972 3865 1189 3944 potestatem
1203 3853 1447 3942 jurisdictionis

347 3969 554 4036 immediate
580 3969 778 4052 procedere
795 3987 818 4032 a
834 3967 994 4034 Romano
1014 3967 1188 4032 Pontifice
1206 3965 1365 4032 subditos
1394 3976 1447 4046 per

352 4075 635 4160 adscriptionem
653 4073 839 4140 Ecclesiae
872 4073 1049 4156 peculiari
1081 4071 1278 4156 tribuente,
1293 4074 1374 4138 licet
1389 4083 1446 4132 me·

351 4233 532 4242 -ῌ-η

418 4323 456 4386 (l)
493 4321 553 4374 Act.
569 4335 629 4387 cap.
644 4321 742 4388 XX,v.
757 4325 800 4374 28.
