3120 4988
585 385 734 442 ,49-

184 527 282 594 Haeo
299 529 455 610 objeotio
475 530 566 593 falso
601 529 790 612 supposito
807 529 985 610 innititur;
1020 527 1218 592 desumitur

106 635 190 700 enim
206 653 250 700 ex
266 654 309 700 eo
325 635 420 719 quod
433 635 492 718 jus
517 637 554 700 in
572 635 720 719 aliquod
738 636 959 700 territorium
992 635 1218 700 existimetur

109 745 331 826 indivisibile,
352 744 448 827 quod
467 744 611 827 quidem
639 744 803 809 falsitate
831 744 987 827 laboret,
1007 743 1092 826 quie
1105 745 1164 825 Jus
1181 744 1218 809 in

107 851 317 916 territorium
334 852 449 915 oritur
474 869 519 915 ex
538 850 641 915 titulo
659 850 749 915 illud
766 851 992 932 conferente3
1011 849 1076 914 sed
1092 850 1218 916 titulus

105 963 215 1040 potest
231 959 396 1023 conferre
413 958 609 1022 dominium
637 958 834 1040 privatum,
854 957 940 1040 quin
958 957 1125 1022 conferat
1155 975 1216 1040 po·

106 1067 245 1148 liticum3
262 1072 296 1131 et
311 1066 510 1149 politicum,
527 1067 613 1149 quin
628 1066 795 1129 conferat
808 1065 1109 1130 ecclesiasticum.
1125 1065 1218 1130 Hine

106 1175 289 1238 dominium
318 1174 424 1240 unius
454 1179 509 1237 est
538 1175 597 1255 J'us
627 1171 854 1236 exclusivum
879 1172 1045 1254 aliorum,
1063 1171 1150 1236 lieet
1182 1173 1218 1237 in

107 1281 223 1348 eodem
242 1281 379 1363 ordine,
395 1279 431 1344 id
446 1286 511 1362 est,
528 1278 724 1343 dominium
739 1277 923 1359 privatum
937 1277 1040 1342 unius
1056 1278 1218 1362 proprie-

106 1389 181 1453 tarii
204 1389 364 1454 exoludit
381 1388 577 1453 dominium
597 1386 780 1470 privatum
805 1387 954 1451 alterius
971 1387 1216 1471 proprietarii,

106 1495 249 1562 sednon
273 1497 435 1562 excludit
451 1496 638 1580 politicum
655 1495 777 1577 Regis;
796 1495 847 1558 ite
864 1499 900 1559 et
916 1495 1111 1560 dominium
1129 1497 1218 1579 poli·

106 1605 204 1668 ticum
213 1604 390 1687 Principis
400 1621 471 1669 non
486 1601 647 1668 excludit
660 1601 855 1665 dominium
869 1603 995 1684 senius
1009 1602 1218 1685 religiosum

105 1711 287 1792 Pontifiois3
307 1711 403 1776 unde
431 1715 532 1794 patet
565 1727 672 1792 quam
701 1709 860 1773 alienam
893 1728 914 1772 a
946 1710 1104 1775 veritate
1136 1727 1217 1776 esse

106 1820 349 1902 pervulgatam
367 1819 651 1883 Protestantium
669 1817 900 1882 sententiam:
922 1815 1045 1899 “cujus
1077 1821 1133 1882 est
1163 1835 1217 1882 re-

106 1924 168 2008 gio,
186 1927 281 1992 illius
299 1931 355 1992 est
369 1929 405 1992 et
418 1925 582 2012 religio,

185 2031 323 2116 Objeot.
346 2035 399 2099 1.a
416 2039 545 2098 eontra
561 2033 816 2116 probationem
834 2032 1126 2118 philosophicam.
1152 2031 1215 2097 Ee-

106 2140 206 2206 rlesia
223 2149 277 2206 est
292 2143 450 2206 societas
469 2140 681 2224 spiritualis
700 2140 925 2224 proindeque
944 2138 1063 2204 medie
1075 2143 1217 2203 tantum

107 2248 298 2328 spiritualia
318 2248 492 2314 adhibere
521 2249 641 2331 debet,
673 2247 807 2312 etenim
834 2263 985 2311 neeesse
1013 2250 1068 2311 est
1098 2246 1218 2311 media

107 2355 167 2418 sint
182 2356 243 2420 fini
259 2358 551 2439 proportionata3
568 2355 668 2438 atqui
686 2355 843 2420 societas
872 2358 976 2418 utens
994 2356 1132 2418 tantum
1147 2371 1217 2418 me·

108 2459 164 2528 diis
175 2463 423 2546 spiritualibus
436 2464 604 2547 perfeeto
621 2462 693 2528 diei
705 2462 843 2544 nequit;
861 2479 1023 2546 ergoneo
1037 2461 1214 2528 Ecclesia.

183 2571 287 2654 Resp.
309 2573 405 2638 Diot.
437 2572 523 2652 maj.
544 2570 663 2654 quoad
681 2574 872 2652 utramque
900 2571 1055 2652 partem.
1090 2569 1215 2634 Ecule-

108 2677 153 2740 sia
163 2684 215 2742 est
223 2679 380 2744 societas
393 2679 592 2761 spiritualis
606 2677 725 2762 quoad
736 2677 843 2741 linem
854 2697 963 2758 cono,
975 2676 1095 2759 quoad
1106 2682 1216 2741 mate·

108 2783 186 2849 riam
202 2805 265 2851 seu
283 2785 403 2869 quoad
421 2783 584 2850 membre
603 2785 732 2868 quibus
750 2788 906 2866 constat,
925 2805 1019 2870 nepo,
1039 2783 1216 2866 siquidem

108 2905 168 2954 non
181 2892 286 2958 meris
299 2893 486 2977 spiritibus
505 2891 569 2956 sed
582 2892 785 2957 homiuibus
796 2893 953 2958 conflata
967 2897 1033 2956 est.
1049 2892 1216 2957 Eoolesia

110 2999 267 3066 adhibere
285 3001 394 3066 debet
410 3001 529 3066 media
546 3001 766 3084 spiritualia,
787 3001 823 3064 id
844 3006 911 3084 est,
930 3000 1107 3082 ejusmodi
1124 3019 1217 3084 quae

109 3103 254 3172 habeant
283 3109 558 3192 proportionem
588 3107 633 3172 ed
662 3109 769 3172 linem
800 3109 1027 3192 spiritualem
1055 3108 1217 3174 obtinen-
1278 3107 1280 3114 ’

110 3210 191 3297 dum,
206 3237 310 3297 conc,
325 3233 419 3298 quae
433 3215 470 3279 in
483 3233 522 3279 se
535 3219 572 3279 et
588 3218 720 3279 natura
733 3233 800 3280 sua
813 3216 885 3279 sint
898 3220 1037 3280 tentum
1050 3217 1215 3298 spiritua·

110 3319 161 3404 lie,
175 3346 267 3412 nepo.
284 3324 352 3406 Qui
365 3325 460 3388 enim
478 3325 588 3407 plane
606 3342 678 3388 non
704 3323 871 3406 desipiet,
902 3325 1005 3390 novit
1038 3323 1215 3408 homines,

110 3444 144 3492 en
156 3431 230 3514 ipso
246 3433 338 3516 quod
353 3433 500 3515 spiritus
515 3432 728 3513 conjunctus
741 3430 788 3496 sit
802 3433 958 3514 corpori,
975 3433 1124 3514 moveri,
1139 3449 1214 3496 oon·

111 3535 179 3620 rigi,
211 3539 373 3604 coeroeri
392 3538 493 3602 etad
520 3538 641 3620 tinem,
673 3537 761 3603 lieet
791 3538 1030 3621 spiritualem,
1066 3538 1216 3620 perduoi

112 3645 242 3711 minime
256 3663 367 3732 posse
379 3645 506 3710 mediis
536 3649 677 3710 tanturn
711 3645 974 3728 spiritualibus3
1004 3646 1213 3730 quiemate·

113 3749 169 3832 ria,
182 3755 337 3836 qualitas
355 3759 465 3836 atque
481 3753 671 3818 mediorum
685 3753 872 3834 proportio
887 3771 908 3816 a
922 3754 1003 3840 finis
1020 3752 1214 3816 necessita·

112 3857 140 3918 te
164 3859 457 3925 determinandae
482 3864 600 3941 erunt,
621 3877 701 3924 cum
719 3860 812 3940 finit,
832 3864 870 3923 ut
884 3860 959 3940 jem
993 3859 1215 3924 demonstre-

112 3963 226 4049 vimus,
245 3969 291 4034 sit
308 3970 547 4053 praecipuum
561 3968 792 4050 elementum,
813 3967 870 4031 eui
887 3953 1035 4032 oaefera
1051 3968 1088 4032 in
1102 3966 1215 4050 qnali-

112 4066 163 4133 bet
178 4075 423 4141 sdsooiatione
453 4075 735 4140 subordinantur
754 4093 798 4139 ao
815 4076 991 4140 serviunt.

188 4181 240 4246 tn
257 4185 431 4248 minorem
451 4182 547 4266 qnod
564 4187 719 4266 spectat,
739 4183 847 4246 etiam
866 4183 946 4248 dist.
976 4179 1138 4246 Societas
1155 4180 1215 4244 ho-

114 4285 231 4358 minum
249 4298 353 4358 utens
372 4297 510 4357 tantum
530 4291 657 4356 mediis
675 4293 934 4374 spiritualibus,
963 4290 1031 4354 hoo
1059 4295 1125 4369 est,
1157 4305 1214 4351 ex·

1127 4393 1145 4449 b
