3030 4990
805 411 979 472 -128—

332 554 453 621 stitem
471 573 517 622 ex
533 555 587 620 sui
606 557 812 621 naturaseu
820 577 888 642 por
903 577 938 622 sc
952 559 989 622 et
1001 573 1145 639 semper
1159 555 1322 621 ordinem
1339 556 1442 620 socia·

331 661 402 726 lern
421 666 603 744 evertere3
621 663 777 746 theorice,
796 664 881 748 quia
898 679 992 747 quae
1023 680 1045 726 a
1069 662 1146 727 Deo
1163 661 1333 727 ordinata
1356 667 1441 744 sunt,

332 775 517 853 nequeunt
533 787 599 851 per
615 787 655 834 se
668 787 747 834 csse
765 770 802 834 ln
828 768 1084 836 detrimontum
1098 769 1267 852 publicae
1281 771 1442 853 tranquil·

332 875 458 958 lltatla;
491 877 556 944 sed
573 878 748 961 cumipse
774 877 872 943 Deus
890 881 1017 944 auctor
1034 877 1082 942 sit
1100 877 1253 942 rationis
1266 882 1303 942 et
1314 877 1444 943 revela·

332 983 452 1068 tionis,
472 985 659 1050 societatis
688 985 807 1051 civilis
825 989 862 1050 et
888 983 1089 1066 Ecclesiae,
1122 1001 1309 1067 nunquam
1335 987 1444 1068 potest

332 1111 413 1160 esse
430 1109 520 1158 vera
538 1093 782 1175 repugnantia
807 1092 902 1158 inter
915 1091 1180 1158 revelationem
1194 1095 1231 1156 et
1247 1097 1381 1156 rectam
1394 1109 1443 1154 ra·

333 1201 466 1266 tionem
472 1247 480 1282 ,
499 1199 594 1264 inter
610 1200 741 1264 bonum
757 1199 942 1283 religionis
957 1203 993 1264 et
1007 1199 1140 1264 bonum
1154 1197 1327 1280 civitatis,
1342 1198 1444 1262 maxi-

333 1325 427 1374 mae
456 1312 584 1372 contra
612 1306 820 1390 concordia,
853 1307 1000 1392 quippe,
1015 1307 1122 1388 Juxta
1140 1305 1185 1370 D.
1215 1305 1445 1388 Augustinum

326 1436 404 1502 poc
420 1422 469 1480 est
486 1415 724 1498 tranquillitas
741 1413 885 1495 ordinis,
905 1413 993 1478 ordo
1011 1430 1099 1478 vcro
1128 1429 1250 1478 rerum
1267 1412 1444 1495 dispositio

334 1521 493 1602 veritati,
512 1519 631 1602 idest,
651 1520 811 1603 ipsarum
837 1523 991 1585 naturae
1009 1525 1268 1585 consentanea:
1284 1521 1444 1605 practice,

332 1628 502 1712 quoniam
520 1627 672 1692 historia
688 1631 845 1692 testatur
861 1627 1069 1710 societates,
1091 1609 1139 1692 'in
1169 1627 1298 1710 quibus
1326 1626 1445 1708 religio

332 1737 533 1802 christiana
549 1734 670 1800 Status
689 1735 953 1818 protectionem
970 1735 1137 1817 obtinuit,
1157 1736 1274 1818 magis
1290 1735 1445 1800 floruisse

332 1861 441 1927 quam
458 1849 637 1924 caeteras,
667 1849 778 1926 atque
806 1844 842 1906 in
874 1841 1001 1908 eadem
1034 1841 1182 1906 natione
1206 1841 1446 1925 frequentiora

332 1951 443 2016 fuisse
460 1949 606 2032 delicta,
626 1955 734 2032 prout
747 1949 969 2014 minueretur
986 1948 1172 2032 religionis
1200 1948 1362 2014 defensio
1389 1953 1446 2012 aut

332 2065 529 2141 augeretur
543 2055 723 2122 hostilitas
737 2057 773 2120 in
789 2073 882 2122 earn.

421 2166 662 2231 Peraccidens
689 2167 900 2229 tamennon
918 2163 1121 2229 inficiamur
1150 2163 1229 2228 fleri
1257 2180 1363 2245 posse
1389 2161 1445 2226 all·

333 2270 476 2354 quando
496 2270 579 2335 talis
597 2271 644 2335 sit
663 2271 822 2335 conditio
847 2271 1007 2352 socialis,
1035 2273 1073 2334 ut
1091 2270 1121 2334 sl
1146 2270 1349 2336 catholicae
1371 2267 1445 2333 reli·
1513 2335 1514 2360 ᾗ

332 2379 430 2462 gioni
444 2379 604 2463 positiva
621 2380 799 2463 protectio
818 2380 1105 2463 dispensaretur,
1121 2381 1251 2446 turbae
1264 2395 1445 2444 nascerer·

332 2491 402 2568 tur,
422 2505 516 2570 quae
543 2491 605 2552 aut
622 2486 720 2552 nullo
739 2487 843 2552 modo
863 2487 1011 2570 reprimi
1040 2492 1201 2570 possent,
1231 2488 1293 2552 vel
1317 2487 1446 2552 tantum

333 2612 412 2659 cum
430 2613 561 2678 magno
579 2595 692 2678 ipsius
712 2595 898 2659 societatis
930 2593 1160 2674 detrimento;
1179 2593 1277 2677 quod
1292 2607 1446 2677 praeser-
1512 2647 1513 2662 2

333 2701 396 2766 tim
414 2701 531 2766 locum
549 2701 702 2766 baberet
720 2701 755 2766 in
772 2700 932 2766 Statibus
951 2699 1086 2765 mixtae
1102 2701 1289 2784 religionis
1306 2699 1447 2764 seuferc

333 2807 560 2891 acatholiciS,
594 2807 774 2891 inquibus
804 2825 937 2889 magna
953 2825 1039 2892 pars
1053 2807 1177 2893 populi
1195 2807 1349 2872 alteram
1372 2805 1445 2870 reli·

332 2915 476 2998 gionem
509 2916 753 2998 profiteretur,
786 2913 846 2978 vel
886 2914 921 2978 in
955 2913 1115 2980 Statibus
1148 2911 1444 2992 indifferentibus,
1511 2959 1512 2992 ,

333 3041 484 3107 quorum
499 3024 599 3088 cives
613 3023 758 3088 nomine
773 3027 912 3086 tanturn
930 3025 1014 3088 sunt
1030 3022 1215 3105 catholici,
1236 3021 1320 3106 quia
1341 3021 1376 3085 in
1391 3019 1446 3086 Ec·
1511 3017 1512 3020 ’

334 3129 446 3195 clesia
463 3129 645 3196 catholica
661 3131 762 3196 fuere
779 3129 969 3213 baptizati,
985 3147 1112 3196 verum
1129 3131 1260 3213 spiritu
1277 3128 1446 3195 catholico

334 3237 479 3302 minime
495 3237 689 3301 informati.
1510 3265 1511 3296 ;

422 3343 515 3408 Hinc
532 3344 694 3427 sequitur
726 3343 990 3427 protectionem
1021 3360 1086 3429 per
1115 3361 1154 3409 se
1173 3348 1209 3409 et
1236 3343 1447 3428 generaliter

333 3451 513 3536 loquendo
531 3452 690 3517 debitam
708 3468 786 3516 esse
805 3451 973 3534 religioni
990 3449 1128 3516 aStatu
1145 3456 1331 3536 tamquam
1355 3466 1446 3532 regu·

333 3560 406 3625 lam
425 3565 460 3626 et
477 3577 643 3626 normam
661 3558 792 3642 agendi
812 3560 848 3622 in
865 3558 1027 3624 externis
1045 3577 1125 3624 cum
1144 3557 1311 3625 Ecclesia
1329 3555 1445 3624 Catho·

334 3669 406 3734 lica
423 3668 675 3750 relationibus3
695 3684 760 3750 per
777 3665 946 3732 accidens
963 3669 1084 3732 autem
1118 3671 1154 3733 et
1182 3666 1391 3752 specialiter
1405 3663 1446 3728 lo·

335 3777 476 3862 quendo
494 3782 614 3860 potest
641 3775 721 3840 dari
738 3775 919 3857 exceptio,
949 3792 1093 3858 nempe,
1109 3793 1304 3842 occurrere
1332 3773 1447 3839 valent
1508 3837 1509 3840 ,

335 3885 500 3951 nonnulli
518 3903 636 3966 casus,
663 3884 699 3948 in
717 3883 845 3966 quibus
878 3901 950 3948 non
979 3887 1108 3966 urgeat
1136 3881 1310 3967 obligatio
1340 3885 1445 3967 prote·

336 3993 493 4058 ctionem
510 3991 704 4074 positivam
724 3990 911 4056 Ecclesiae
925 3990 1151 4075 praestandi.
1168 3991 1326 4056 Theoria
1338 3991 1446 4054 autern
1507 4067 1508 4080 ἵ

338 4118 430 4182 quac
447 4099 788 4165 indifferentismum
805 4101 932 4166 statuit
948 4105 987 4166 ut
1005 4103 1182 4186 regulam,
1211 4102 1348 4185 pluries
1361 4100 1445 4166 dam·

337 4209 436 4285 nata,
454 4204 571 4269 denuo
588 4206 723 4270 nostris
741 4205 866 4272 diebus
899 4226 921 4271 a
948 4207 1011 4273 Pio
1042 4208 1093 4273 IX
1112 4208 1311 4291 reprobata
1328 4207 1392 4272 fuit
1414 4203 1446 4267 in

338 4330 400 4395 pp.
418 4311 473 4395 77,
493 4311 549 4396 78,
568 4311 610 4378 79
629 4315 665 4378 et
680 4313 725 4378 80
741 4311 892 4396 Syllabi.
