3146 4980
829 387 1010 448 -388-

447 533 524 598 251.
574 531 775 598 Damnatio.
794 530 988 596 Damnatio
1021 533 1219 615 Regalismi
1250 532 1479 614 apertissime

358 649 515 708 constat:
537 641 587 704 1.0
605 657 651 704 ex
665 638 830 702 omnibus
845 639 916 702 illis
930 638 1127 702 Pontifioiis
1140 637 1472 718 constitutionibus,

358 767 452 832 quae
470 747 617 812 diversa
637 751 759 810 aetate
778 755 907 808 eontra
923 747 1176 827 usurpationes
1196 753 1233 810 et
1259 746 1474 810 intrusiones

358 855 495 937 Regum
512 855 573 918 vel
589 853 796 934 Principum
814 852 1057 916 saecularium
1075 855 1112 916 in
1125 871 1183 916 res
1208 853 1473 917 seelestasticas

358 964 456 1027 latae
474 967 568 1040 sunt,
587 959 798 1042 specialiter
826 977 914 1022 vero
934 977 979 1023 ex
997 957 1319 1024 constitutionibus
1355 959 1472 1026 ttertct

357 1071 478 1146 laicos,
498 1067 665 1132 Attuculto
678 1067 744 1151 fili,
768 1066 879 1130 Unum
896 1074 1053 1130 sanctam
1071 1066 1249 1130 Boniiaeii
1268 1065 1365 1144 VIII,
1384 1065 1472 1130 Licet

359 1177 511 1240 Joannis
525 1172 643 1254 XXII,
664 1191 805 1238 necnon
823 1191 868 1236 ex
887 1173 991 1236 Bulla
1008 1175 1050 1237 In
1070 1173 1180 1240 Coena
1197 1175 1353 1252 Domiai;
1367 1173 1416 1236 2.⁰
1429 1189 1470 1236 ex

358 1281 633 1366 quamplurimis
651 1281 824 1360 (fortasse
839 1280 958 1356 XXII)
978 1280 1160 1361 explicitis
1188 1297 1231 1343 ao
1258 1280 1469 1343 solemnibus

358 1389 601 1454 Rornanorum
619 1385 830 1450 Pontificum
847 1385 1072 1450 documentis
1100 1385 1277 1450 adversus
1306 1387 1468 1450 Placitum

358 1496 501 1580 Raptam
516 1493 632 1574 editis,
651 1509 746 1574 quae
763 1492 859 1573 apud
877 1491 1059 1573 Cavagnis
1074 1493 1236 1574 aliosque
1249 1493 1270 1556 J
1275 1495 1346 1556 uris
1361 1493 1467 1556 Publi·

359 1601 391 1666 oi
419 1607 638 1664 tractatores
656 1599 781 1662 ordine
799 1598 1056 1680 chronologiae
1075 1600 1256 1664 reoeusita
1275 1611 1381 1681 atque
1402 1599 1465 1662 ool·

357 1710 455 1773 lecta
470 1707 577 1770 facile
595 1706 721 1770 videre
739 1715 806 1784 est;
825 1707 877 1770 3.υ
894 1725 939 1770 ex
957 1707 1118 1787 Syllabo,
1150 1708 1186 1770 in
1204 1725 1274 1789 quo
1307 1711 1467 1770 notantur

358 1817 460 1878 velut
474 1835 496 1876 a
513 1813 695 1876 catholiea
713 1812 879 1877 doctrina
897 1815 1057 1878 absonae
1090 1819 1283 1896 sequentes
1315 1814 1465 1896 proposi-

359 1922 487 1985 tiones:
525 1919 887 1984 XX—Eccieaiuatico
918 1929 1072 2002 potestus
1106 1943 1205 1986 suum
1239 1924 1466 1986 auctoritatem

358 2049 516 2094 emersere
536 2048 601 2091 aaa
618 2027 850 2110 debetabsque
869 2029 982 2092 ciuilis
998 2029 1156 2111 puberuii
1168 2029 1281 2098 uenia,
1308 2035 1337 2091 ei
1363 2046 1463 2090 aeaea-

357 2155 410 2200 εει.
426 2132 814 2216 XXVIII—-Epiacopia
832 2134 906 2196 aiae
930 2135 1086 2216 puberrrii
1121 2136 1231 2214 venia,
1248 2135 1307 2218 fus
1334 2153 1394 2196 aea
1419 2137 1464 2193 est

359 2243 410 2306 eei
428 2243 524 2324 ipsus
556 2237 774 2323 Apostolicoe
804 2239 955 2303 Litteras
980 2241 1212 2324 promulpare.
1246 2235 1462 2304 XLI-Ot'uili

353 2349 519 2432 potestati
537 2347 588 2410 vei
605 2347 647 2410 ab
672 2347 804 2432 infideli
836 2348 1027 2430 imperante
1045 2349 1215 2412 exercitae
1232 2347 1381 2430 competit
1402 2363 1459 2426 po·
1538 2365 1539 2370 ¹

359 2463 464 2520 testas
487 2454 659 2516 indirecta
691 2456 850 2536 nepetino
877 2457 912 2516 iu
936 2473 1052 2532 soera;
1078 2453 1188 2517 eidem
1217 2453 1363 2537 proinde
1384 2471 1459 2514 com·

353 2563 443 2645 petit
467 2561 590 2623 nedum
606 2561 670 2644 jue
688 2561 777 2644 quod
795 2570 917 2624 noceret
941 2575 1200 2642 EXSEQUATUR,
1221 2564 1391 2626 sedetiam
1404 2562 1461 2644 jus
1537 2639 1538 2644 ἵ

359 2679 665 2746 neustrasiorum,
703 2687 804 2750 quam
837 2677 1051 2751 aruncupont,
1085 2682 1132 2732 nn
1171 2681 1307 2748 nauso,
1345 2667 1393 2730 4.⁰
1420 2680 1459 2726 ex

359 2773 521 2840 Corruilio
540 2772 731 2854 Vaticano,
751 2774 846 2855 quod
864 2775 900 2838 in
919 2774 1183 2840 Constitutione
1216 2773 1411 2856 dogmatica
1424 2769 1461 2832 de

359 2881 516 2946 Ecclesia
532 2878 673 2961 Christi,
690 2897 772 2963 cap.
788 2880 851 2962 III,
867 2883 957 2946 haec
972 2883 1133 2948 tradidit:
1146 2883 1260 2959 Quare
1275 2884 1461 2948 damnamur

358 3009 399 3052 ae
413 2989 637 3070 reprobemus
648 2988 790 3052 illorum
803 2983 1067 3074 sententiaa,qui
1083 2991 1171 3056 heae
1183 2993 1336 3074 supremi
1351 2987 1463 3072 capitis

358 3095 692 3178 composterlanae
705 3097 862 3180 prepibus
879 3099 1217 3164 roarrnuaicatiaaem
1230 3098 1323 3162 licite
1334 3091 1459 3178 impedi·
1535 3129 1536 3146 r

358 3375 408 3421 rios
418 3370 462 3422 aia
474 3369 569 3420 arrato
581 3383 631 3434 que
643 3366 679 3419 lie
692 3367 809 3420 cauendo
822 3365 838 3420 d
856 3369 883 3420 la
898 3367 1032 3436 Ralipidn.
1047 3367 1063 3420 ά
1077 3368 1105 3420 la
1119 3367 1220 3436 Ipiesio
1242 3387 1261 3437 p
1275 3368 1292 3421 ti
1317 3368 1342 3422 lo
1354 3365 1461 3428 Patrio).

358 3439 414 3492 Las
428 3439 571 3494 doctrines
583 3439 618 3490 de
630 3443 691 3490 esta
705 3442 818 3492 escurela
831 3457 862 3490 se
878 3443 1000 3492 llurnron
1013 3442 1064 3491 tila
1078 3441 1200 3505 pudo-lira
1215 3457 1250 3492 en
1275 3444 1316 3492 las
1341 3443 1408 3504 loyes
1430 3439 1462 3486 de

358 3511 610 3564 desarnortizaulon
623 3509 808 3576 eolesidatica,
821 3513 991 3564 ‹lestlnaatlo
1002 3514 1044 3563 los
1058 3511 1156 3564 biensa
1170 3513 1206 3564 ds
1219 3514 1262 3564 los
1275 3511 1393 3564 lessius
1404 3521 1461 3575 pera

358 3581 440 3633 dotar
453 3581 713 3634 estableriniiantoa
725 3581 762 3633 ds
774 3583 885 3634 eeridud
900 3600 917 3647 y
933 3587 1102 3644 birsellunza,
1116 3585 1158 3635 los
1171 3583 1207 3635 de
1220 3579 1460 3650 Capelianissdln-
1533 3629 1534 3654 ,

281 3701 283 3706 ,
358 3654 470 3719 qniaidn
480 3667 548 3720 pare
558 3653 707 3718 surpresldn
716 3651 752 3704 de
765 3653 792 3704 la
804 3653 905 3716 dendo,
911 3670 928 3719 y
940 3655 981 3704 los
991 3654 1028 3705 de
1039 3655 1080 3705 las
1090 3654 1189 3706 demtis
1199 3653 1327 3707 Ordsnes
1337 3653 1463 3712 rasulam

359 3723 469 3789 yOlero
482 3724 633 3776 seculares
646 3723 809 3776 declarat-on
823 3723 912 3776 hirnea
922 3724 1075 3776 rrumaualea
1095 3728 1167 3787 (esta
1179 3726 1394 3778 denominueidn
1414 3721 1461 3790 yla

357 3797 446 3847 teoria
457 3811 492 3846 en
506 3809 562 3861 que
579 3809 610 3846 se
623 3793 713 3846 tunde
726 3809 757 3847 ea
770 3797 964 3846 anticanouira
976 3796 992 3847 e
1006 3795 1195 3849 inadmisible.
1218 3797 1252 3849 Ni
1266 3797 1322 3848 adn
1336 3795 1405 3848 debe
1426 3793 1462 3844 lle·

358 3866 495 3919 marsaloa
509 3865 597 3918 bienea
609 3863 652 3917 del
664 3863 742 3931 clero,
755 3881 836 3918 como
850 3868 1084 3920 insidiossmenta
1097 3881 1129 3919 ae
1139 3869 1181 3920 los
1195 3868 1233 3919 lia
1245 3869 1376 3934 Hemoda,
1386 3866 1464 3918 nimu-
1507 3868 1512 3881 '

358 3937 412 3988 olio
425 3953 524 3989 menos
534 3936 623 3989 biertea
630 3935 662 3988 de
673 3935 703 3988 io
716 3935 830 3998 Navita,
841 3938 933 3990 daban
947 3938 1078 3990 llarnarse
1091 3937 1181 3992 bimos
1192 3939 1224 3992 de
1236 3938 1264 3991 lo
1282 3937 1391 4008 Iyieerb.
1414 3950 1465 4003 porr

358 4021 413 4071 que
423 4007 451 4058 lo
468 4007 566 4074 lyleeio
579 4023 610 4060 es
623 4023 657 4060 su
671 4007 784 4074 duello),
798 4025 814 4073 y
829 4023 863 4060 en
875 4015 936 4062 este
949 4015 1085 4076 concepto
1107 4011 1207 4062 lueron
1221 4011 1405 4078 enagenados,
1424 4009 1461 4060 sin

358 4091 414 4141 quo
428 4091 477 4141 por
492 4085 554 4130 esto
567 4080 708 4145 majorano
721 4080 747 4130 la
760 4081 899 4132 situacibn
913 4081 1077 4147 deplorable
1089 4081 1135 4134 del
1147 4081 1253 4134 Tesoro
1278 4081 1393 4148 pdblloo,
1413 4090 1462 4144 qne
1531 4077 1532 4126 ζ

358 4147 492 4198 usdavea
507 4150 542 4200 lia
562 4149 733 4216 empeorado
757 4150 878 4202 durante
904 4159 966 4203 este
990 4153 1069 4217 siglo.
1084 4149 1243 4215 (Merionen
1265 4151 1298 4206 de
1323 4148 1461 4217 Dioeipit'tlss

358 4215 535 4271 Ecleaidstiee
550 4216 696 4288 Geamaly
709 4217 871 4274 Portioulur
882 4221 914 4274 de
928 4224 1049 4290 liuperto,
1064 4228 1132 4277 tom.
1144 4223 1181 4291 11,
1195 4224 1258 4278 Leo.
1270 4225 1347 4292 LVI,
1358 4223 1462 4276 ndmero

358 4291 383 4340 9.
397 4287 503 4350 Quinte
513 4289 640 4356 Edioldn,
654 4291 773 4358 bladrid,
789 4295 877 4354 laet).
1530 4309 1531 4312 ’
