3120 4988
803 341 960 400 ..12-

321 484 445 551 tuendo
473 483 677 566 evulgavit,
692 501 736 548 ac
752 487 860 570 paulo
876 494 958 570 post
973 485 995 552 J
998 503 1134 552 oannes
1162 475 1447 570 Nepomucenus

319 591 459 658 Endres
476 610 571 657 anno
592 591 675 656 1751
694 591 922 676 wirceburgi
940 593 1233 659 dissertationem
1250 593 1447 660 elucubra-

321 701 385 782 vit,
405 701 462 766 cui
480 701 605 765 titulus
622 701 677 766 De
705 703 900 767 necessario
927 702 1235 786 Juriaprudeatt‘ao
1263 705 1447 770 naturalis

319 829 395 873 oum
411 809 643 875 ecclesiastico
661 831 764 891 nexa,
780 811 966 892 separatio
983 809 1004 874 J
1009 811 1082 874 uris
1096 809 1235 875 Publici
1253 828 1275 875 a
1290 809 1446 877 Privato

318 916 400 980 visa
428 919 484 980 est
506 917 694 999 aptissima
722 914 769 980 ad
796 916 999 982 faciliorem
1031 916 1309 1000 uberioremque
1342 919 1447 985 Juris

319 1023 458 1088 Publici
502 1022 752 1089 Ecclesiastioi
787 1025 1032 1105 cognitionem
1061 1025 1097 1089 iu
1137 1025 1272 1090 scholis
1306 1027 1445 1110 adeIs·

319 1129 484 1196 cendam.

407 1235 500 1302 Hinc
525 1243 624 1302 recte
656 1237 771 1302 asseri
801 1243 920 1320 potest
951 1237 1146 1304 Scientiam
1174 1239 1273 1304 Juris
1298 1238 1446 1304 Publici

319 1345 581 1428 Ecclesiastici,
601 1363 710 1428 quam
727 1345 882 1410 decursu
908 1347 1013 1428 hujus
1047 1347 1168 1430 operis
1195 1347 1446 1412 evolvendam

318 1453 537 1532 curabimus,
579 1460 697 1517 ortum
738 1454 907 1519 habuisse
946 1455 1045 1519 circa
1084 1455 1267 1520 dimidium
1300 1456 1446 1520 saeculi

318 1559 452 1640 XVIII;
472 1561 585 1624 semel
602 1578 646 1624 ac
665 1561 735 1626 viri
753 1561 849 1626 docti
867 1570 1098 1644 agnoverunt
1123 1563 1217 1628 hanc
1232 1563 1446 1647 exponendi

317 1665 415 1731 Juris
433 1665 607 1732 (laconici
640 1670 817 1733 rationem
835 1670 880 1733 ad
899 1671 1086 1735 meliorem
1104 1679 1141 1734 et
1154 1670 1366 1736 distinctam
1386 1689 1444 1735 ec·

318 1775 548 1839 clesiastIcae
563 1776 803 1858 legislationis
820 1778 987 1842 notitiam
1005 1795 1113 1861 qnam
1133 1778 1289 1842 maxime
1304 1779 1441 1844 condu-

318 1898 414 1964 cere,
444 1900 578 1947 novam
597 1871 802 1949 methodum
832 1885 1032 1968 amplexati
1058 1887 1173 1952 fuere.
1206 1885 1347 1950 Primus
1366 1905 1443 1952 orn·

317 1991 414 2054 nium
432 1989 609 2055 AntonIus
623 1989 784 2056 Schmidt
800 1990 835 2056 S.
850 1991 871 2056 J
877 2041 884 2057 .
903 1991 1155 2058 institutiones
1180 1993 1203 2058 J
1207 1993 1279 2058 uris
1297 1992 1443 2058 Publici

317 2097 567 2164 Ecclesiastici
583 2117 745 2165 seorsum
764 2118 785 2164 a
801 2099 822 2164 J
825 2117 889 2164 ure
906 2100 1054 2166 Privato
1084 2100 1196 2166 edidit
1220 2119 1315 2165 anno
1336 2099 1441 2183 1771,

317 2207 467 2290 ejusque
484 2207 691 2290 exemplum
704 2209 740 2271 iu
755 2212 941 2290 posterum
955 2208 1055 2274 hisce
1069 2208 1287 2290 praesertim
1300 2211 1438 2291 tempo-

316 2314 415 2378 ribus
433 2314 690 2397 quamplurimi
707 2307 905 2397 scriptores
923 2315 1066 2398 sequuti
1084 2320 1178 2380 sunt.

405 2421 557 2485 Romani
570 2439 713 2505 quoque
741 2422 934 2487 Pontifices
952 2424 1129 2504 ejusmodi
1143 2423 1441 2506 segregationem

317 2543 487 2611 suprema
502 2546 568 2592 sua
584 2530 803 2594 anctoritate
823 2537 933 2612 atque
958 2532 1148 2596 sanctione
1167 2531 1386 2596 confirmare
1405 2535 1441 2594 et

317 2636 572 2702 commendare
583 2637 681 2703 haud
694 2637 998 2720 dubItarunt;Leo
1013 2640 1108 2704 enim
1119 2638 1188 2704 XII
1201 2638 1315 2724 (1824)
1327 2637 1439 2705 Cons-

316 2745 485 2810 titutione
499 2744 597 2810 edita
612 2745 709 2822 Quod
722 2747 843 2813 divine
855 2746 1037 2832 Sapientia
1052 2747 1099 2812 ad
1112 2749 1292 2814 rationem
1303 2745 1437 2811 studio·

316 2871 395 2918 rum
412 2854 448 2918 in
466 2859 543 2918 tota
559 2854 697 2919 ditione
716 2854 969 2918 ecclesiastica
988 2854 1258 2939 moderandam,
1275 2853 1438 2938 peculia-

315 2977 391 3024 rem
410 2960 621 3025 cathedram
638 2960 909 3027 Institutionum
924 2962 1023 3026 luris
1043 2961 1181 3027 Publici
1206 2961 1435 3028 Ecclesiasti-

318 3069 350 3132 ci
368 3069 509 3132 creavit
525 3069 562 3131 in
580 3069 720 3150 magnIs
740 3069 871 3152 Lyceis
889 3070 1050 3135 Romano
1069 3075 1105 3134 et
1122 3070 1357 3152 Bononiensi,
1394 3083 1438 3133 ac

316 3177 389 3240 Leo
410 3176 497 3240 XIII
514 3193 609 3240 nunc
624 3177 782 3241 feliciter
799 3177 988 3243 EcclesIae
1016 3177 1265 3260 gubernacula
1291 3185 1435 3258 tenens,

316 3301 396 3347 curn
415 3285 635 3365 persentiret
653 3285 748 3366 quod
767 3291 803 3350 et
821 3285 1009 3350 Ecclesiae
1028 3284 1238 3350 Catholicae
1257 3290 1294 3348 et
1310 3283 1436 3349 Status

264 3473 269 3482 Ι
316 3391 435 3456 civilis
452 3409 681 3474 summopere
696 3393 891 3458 interesset
900 3394 985 3474 jnra
998 3393 1185 3458 societatis
1211 3391 1437 3456 christianae

316 3517 362 3564 ex
379 3501 543 3582 professo
559 3501 760 3582 vindIcare,
787 3502 1014 3583 perniciosas
1048 3499 1435 3585 pseudo-politicorum

316 3608 475 3672 theorias
493 3610 681 3693 impetere,
698 3607 903 3692 Christique
918 3610 1100 3674 ministros
1111 3608 1157 3674 ad
1170 3625 1277 3673 sacra
1291 3608 1435 3690 praelia

316 3717 490 3780 certanda
508 3718 657 3800 munire,
675 3735 747 3780 non
765 3716 881 3780 solum
915 3715 1126 3780 cathedram
1159 3733 1224 3799 pro
1254 3714 1433 3780 tradendo

315 3823 336 3886 J
340 3842 402 3887 ure
420 3824 567 3890 Publice
587 3825 845 3890 Ecclesiastico
863 3825 899 3890 in
915 3824 1103 3889 Pontificio
1132 3823 1333 3889 SemInarIo
1366 3822 1433 3887 Ro·

315 3949 421 3996 mano
465 3949 560 3996 anno
596 3933 680 3996 1881
710 3932 968 3998 instituendam
1000 3932 1155 4014 curavit,
1191 3931 1247 3996 cui
1272 3931 1430 3994 Illmum.

315 4037 359 4101 D.
374 4037 533 4103 Felicem
552 4037 735 4122 Oavagnis
753 4041 942 4123 praefecit,
963 4057 1090 4104 vorum
1104 4040 1213 4104 etiam
1227 4040 1263 4103 in
1278 4038 1431 4104 novissi-

315 4163 374 4210 ma
390 4145 632 4211 Instructione
647 4164 712 4229 pro
730 4147 977 4212 instaurandis
994 4148 1123 4212 studiis
1156 4148 1193 4212 in
1220 4145 1431 4212 seminariis

315 4253 520 4337 Hispanicis
545 4253 800 4322 Oentrnle'busa
824 4254 938 4320 Sacra
950 4253 1155 4320 Studiorum
1171 4253 1429 4338 congregatio·
