<?xml version="1.0" encoding="UTF-8"?>
<!DOCTYPE html PUBLIC "-//W3C//DTD XHTML 1.0 Transitional//EN"
    "http://www.w3.org/TR/xhtml1/DTD/xhtml1-transitional.dtd">
<html xmlns="http://www.w3.org/1999/xhtml" xml:lang="en" lang="en">
 <head>
  <title>
</title>
<meta http-equiv="Content-Type" content="text/html;charset=utf-8" />
  <meta name='ocr-system' content='tesseract 3.04.00' />
  <meta name='ocr-capabilities' content='ocr_page ocr_carea ocr_par ocr_line ocrx_word'/>
</head>
<body>
  <div class='ocr_page' id='page_1' title='image "./juspublicumeccl01ferngoog_0133.png"; bbox 0 0 3030 4990; ppageno 0'>
   <div class='ocr_carea' id='block_1_1' title="bbox 799 423 974 482">
    <p class='ocr_par' dir='ltr' id='par_1_1' title="bbox 799 423 974 482">
     <span class='ocr_line' id='line_1_1' title="bbox 799 423 974 482; baseline -0.017 1"><span class='ocrx_word' id='word_1_1' title='bbox 799 423 974 482; x_wconf 82' lang='lat'>-114-</span> 
     </span>
    </p>
   </div>
   <div class='ocr_carea' id='block_1_2' title="bbox 322 564 1508 3862">
    <p class='ocr_par' dir='ltr' id='par_1_2' title="bbox 322 564 1508 2363">
     <span class='ocr_line' id='line_1_2' title="bbox 325 564 1436 652; baseline -0.004 -20"><span class='ocrx_word' id='word_1_2' title='bbox 325 567 498 652; x_wconf 88' lang='lat' dir='ltr'><strong>ligionem</strong></span> <span class='ocrx_word' id='word_1_3' title='bbox 524 567 729 634; x_wconf 82' lang='lat' dir='ltr'><strong>naturalem</strong></span> <span class='ocrx_word' id='word_1_4' title='bbox 747 566 939 632; x_wconf 88' lang='lat' dir='ltr'><strong>ordinandi</strong></span> <span class='ocrx_word' id='word_1_5' title='bbox 956 567 1095 632; x_wconf 89' lang='lat' dir='ltr'><strong>tantum</strong></span> <span class='ocrx_word' id='word_1_6' title='bbox 1109 564 1289 630; x_wconf 87' lang='lat' dir='ltr'><strong>indirecte</strong></span> <span class='ocrx_word' id='word_1_7' title='bbox 1307 572 1436 648; x_wconf 88' lang='lat' dir='ltr'><strong>specta·</strong></span> 
     </span>
     <span class='ocr_line' id='line_1_3' title="bbox 326 673 1438 759; baseline -0.001 -20"><span class='ocrx_word' id='word_1_8' title='bbox 326 675 497 758; x_wconf 80' lang='lat' dir='ltr'><strong>tam,hoc</strong></span> <span class='ocrx_word' id='word_1_9' title='bbox 514 679 579 759; x_wconf 90' lang='lat' dir='ltr'><strong>est,</strong></span> <span class='ocrx_word' id='word_1_10' title='bbox 599 675 715 740; x_wconf 88' lang='lat' dir='ltr'><strong>veluti</strong></span> <span class='ocrx_word' id='word_1_11' title='bbox 728 675 830 759; x_wconf 82' lang='lat' dir='ltr'>pacis</span> <span class='ocrx_word' id='word_1_12' title='bbox 847 673 1018 757; x_wconf 84' lang='lat' dir='ltr'><strong>publicae</strong></span> <span class='ocrx_word' id='word_1_13' title='bbox 1031 678 1069 738; x_wconf 91' lang='lat' dir='ltr'><strong>et</strong></span> <span class='ocrx_word' id='word_1_14' title='bbox 1084 673 1231 738; x_wconf 87' lang='lat' dir='ltr'><strong>socialis</strong></span> <span class='ocrx_word' id='word_1_15' title='bbox 1260 673 1438 738; x_wconf 75' lang='lat' dir='ltr'><strong>felicitatis</strong></span> 
     </span>
     <span class='ocr_line' id='line_1_4' title="bbox 324 779 1439 866; baseline -0.003 -19"><span class='ocrx_word' id='word_1_16' title='bbox 324 782 454 864; x_wconf 84' lang='lat' dir='ltr'><strong>basim3</strong></span> <span class='ocrx_word' id='word_1_17' title='bbox 485 801 550 866; x_wconf 90' lang='lat' dir='ltr'><strong>pro</strong></span> <span class='ocrx_word' id='word_1_18' title='bbox 582 780 651 846; x_wconf 85' lang='lat' dir='ltr'><strong>hac</strong></span> <span class='ocrx_word' id='word_1_19' title='bbox 678 781 860 847; x_wconf 86' lang='lat' dir='ltr'><strong>sententia</strong></span> <span class='ocrx_word' id='word_1_20' title='bbox 877 779 1126 864; x_wconf 87' lang='lat' dir='ltr'><strong>propulsanda</strong></span> <span class='ocrx_word' id='word_1_21' title='bbox 1158 781 1326 863; x_wconf 89' lang='lat' dir='ltr'><strong>sequenti</strong></span> <span class='ocrx_word' id='word_1_22' title='bbox 1341 797 1439 864; x_wconf 85' lang='lat' dir='ltr'><strong>argu·</strong></span> 
     </span>
     <span class='ocr_line' id='line_1_5' title="bbox 325 885 1439 972; baseline -0.003 -18"><span class='ocrx_word' id='word_1_23' title='bbox 325 892 446 954; x_wconf 88' lang='lat' dir='ltr'><strong>mento</strong></span> <span class='ocrx_word' id='word_1_24' title='bbox 474 887 822 972; x_wconf 88' lang='lat' dir='ltr'><strong>juridico-historico</strong></span> <span class='ocrx_word' id='word_1_25' title='bbox 840 887 1000 952; x_wconf 86' lang='lat' dir='ltr'><strong>nitimur:</strong></span> <span class='ocrx_word' id='word_1_26' title='bbox 1036 903 1081 950; x_wconf 90' lang='lat' dir='ltr'><strong>ea</strong></span> <span class='ocrx_word' id='word_1_27' title='bbox 1098 904 1192 970; x_wconf 89' lang='lat' dir='ltr'><strong>quae</strong></span> <span class='ocrx_word' id='word_1_28' title='bbox 1209 885 1257 950; x_wconf 91' lang='lat' dir='ltr'><strong>ad</strong></span> <span class='ocrx_word' id='word_1_29' title='bbox 1290 887 1439 951; x_wconf 80' lang='lat' dir='ltr'><strong>officium</strong></span> 
     </span>
     <span class='ocr_line' id='line_1_6' title="bbox 325 993 1437 1077; baseline -0.003 -16"><span class='ocrx_word' id='word_1_30' title='bbox 325 999 640 1062; x_wconf 88' lang='lat' dir='ltr'><strong>nostrumtantum</strong></span> <span class='ocrx_word' id='word_1_31' title='bbox 658 994 836 1059; x_wconf 88' lang='lat' dir='ltr'><strong>indirecte</strong></span> <span class='ocrx_word' id='word_1_32' title='bbox 861 995 1043 1077; x_wconf 87' lang='lat' dir='ltr'><strong>spectant,</strong></span> <span class='ocrx_word' id='word_1_33' title='bbox 1075 993 1161 1076; x_wconf 89' lang='lat' dir='ltr'><strong>qnia</strong></span> <span class='ocrx_word' id='word_1_34' title='bbox 1188 1010 1335 1058; x_wconf 84' lang='lat' dir='ltr'><strong>comeo</strong></span> <span class='ocrx_word' id='word_1_35' title='bbox 1363 1011 1437 1058; x_wconf 90' lang='lat' dir='ltr'><strong>con-</strong></span> 
     </span>
     <span class='ocr_line' id='line_1_7' title="bbox 325 1101 1437 1184; baseline -0.003 -17"><span class='ocrx_word' id='word_1_36' title='bbox 325 1105 520 1168; x_wconf 88' lang='lat' dir='ltr'><strong>nectuntur</strong></span> <span class='ocrx_word' id='word_1_37' title='bbox 533 1101 593 1166; x_wconf 88' lang='lat' dir='ltr'><strong>vel</strong></span> <span class='ocrx_word' id='word_1_38' title='bbox 611 1101 657 1166; x_wconf 91' lang='lat' dir='ltr'><strong>ab</strong></span> <span class='ocrx_word' id='word_1_39' title='bbox 684 1119 726 1166; x_wconf 91' lang='lat' dir='ltr'><strong>eo</strong></span> <span class='ocrx_word' id='word_1_40' title='bbox 759 1104 1023 1184; x_wconf 88' lang='lat' dir='ltr'><strong>supponuntur,</strong></span> <span class='ocrx_word' id='word_1_41' title='bbox 1053 1118 1126 1165; x_wconf 93' lang='lat' dir='ltr'><strong>non</strong></span> <span class='ocrx_word' id='word_1_42' title='bbox 1158 1117 1351 1183; x_wconf 82' lang='lat' dir='ltr'>sempera</span> <span class='ocrx_word' id='word_1_43' title='bbox 1383 1119 1437 1166; x_wconf 93' lang='lat' dir='ltr'><strong>no·</strong></span> 
     </span>
     <span class='ocr_line' id='line_1_8' title="bbox 324 1206 1438 1292; baseline -0.004 -18"><span class='ocrx_word' id='word_1_44' title='bbox 324 1209 381 1274; x_wconf 88' lang='lat' dir='ltr'><strong>his</strong></span> <span class='ocrx_word' id='word_1_45' title='bbox 392 1212 545 1292; x_wconf 82' lang='lat' dir='ltr'><strong>possunt</strong></span> <span class='ocrx_word' id='word_1_46' title='bbox 562 1207 699 1274; x_wconf 81' lang='lat' dir='ltr'><strong>directe</strong></span> <span class='ocrx_word' id='word_1_47' title='bbox 718 1209 839 1273; x_wconf 87' lang='lat' dir='ltr'><strong>curari</strong></span> <span class='ocrx_word' id='word_1_48' title='bbox 854 1210 891 1271; x_wconf 90' lang='lat' dir='ltr'><strong>et</strong></span> <span class='ocrx_word' id='word_1_49' title='bbox 909 1206 1083 1288; x_wconf 88' lang='lat' dir='ltr'><strong>ordinari,</strong></span> <span class='ocrx_word' id='word_1_50' title='bbox 1102 1206 1166 1271; x_wconf 90' lang='lat' dir='ltr'><strong>sed</strong></span> <span class='ocrx_word' id='word_1_51' title='bbox 1179 1207 1315 1272; x_wconf 83' lang='lat' dir='ltr'><strong>suflicit</strong></span> <span class='ocrx_word' id='word_1_52' title='bbox 1332 1213 1368 1272; x_wconf 92' lang='lat' dir='ltr'><strong>nt</strong></span> <span class='ocrx_word' id='word_1_53' title='bbox 1383 1206 1438 1272; x_wconf 86' lang='lat' dir='ltr'><strong>ha-</strong></span> 
     </span>
     <span class='ocr_line' id='line_1_9' title="bbox 324 1313 1438 1396; baseline -0.004 -14"><span class='ocrx_word' id='word_1_54' title='bbox 324 1315 480 1382; x_wconf 86' lang='lat' dir='ltr'><strong>beantur</strong></span> <span class='ocrx_word' id='word_1_55' title='bbox 497 1322 625 1381; x_wconf 88' lang='lat' dir='ltr'><strong>curata</strong></span> <span class='ocrx_word' id='word_1_56' title='bbox 642 1321 679 1382; x_wconf 88' lang='lat' dir='ltr'><strong>et</strong></span> <span class='ocrx_word' id='word_1_57' title='bbox 696 1315 876 1396; x_wconf 89' lang='lat' dir='ltr'><strong>ordinata,</strong></span> <span class='ocrx_word' id='word_1_58' title='bbox 892 1315 971 1380; x_wconf 88' lang='lat' dir='ltr'><strong>sive</strong></span> <span class='ocrx_word' id='word_1_59' title='bbox 987 1313 1194 1379; x_wconf 81' lang='lat' dir='ltr'><strong>immediate</strong></span> <span class='ocrx_word' id='word_1_60' title='bbox 1213 1333 1236 1378; x_wconf 90' lang='lat' dir='ltr'><strong>a</strong></span> <span class='ocrx_word' id='word_1_61' title='bbox 1268 1315 1382 1396; x_wconf 89' lang='lat' dir='ltr'><strong>nobis,</strong></span> <span class='ocrx_word' id='word_1_62' title='bbox 1399 1316 1438 1378; x_wconf 88' lang='lat' dir='ltr'><strong>si·</strong></span> 
     </span>
     <span class='ocr_line' id='line_1_10' title="bbox 324 1421 1439 1505; baseline -0.002 -17"><span class='ocrx_word' id='word_1_63' title='bbox 324 1440 371 1488; x_wconf 88' lang='lat' dir='ltr'><strong>ve</strong></span> <span class='ocrx_word' id='word_1_64' title='bbox 390 1421 546 1488; x_wconf 88' lang='lat' dir='ltr'><strong>mediate</strong></span> <span class='ocrx_word' id='word_1_65' title='bbox 565 1423 610 1487; x_wconf 89' lang='lat' dir='ltr'><strong>ab</strong></span> <span class='ocrx_word' id='word_1_66' title='bbox 626 1422 720 1502; x_wconf 90' lang='lat' dir='ltr'><strong>aliis;</strong></span> <span class='ocrx_word' id='word_1_67' title='bbox 740 1422 841 1505; x_wconf 88' lang='lat' dir='ltr'><strong>atqui</strong></span> <span class='ocrx_word' id='word_1_68' title='bbox 854 1422 1012 1487; x_wconf 83' lang='lat' dir='ltr'><strong>officium</strong></span> <span class='ocrx_word' id='word_1_69' title='bbox 1029 1421 1182 1486; x_wconf 88' lang='lat' dir='ltr'><strong>curandi</strong></span> <span class='ocrx_word' id='word_1_70' title='bbox 1196 1427 1234 1486; x_wconf 90' lang='lat' dir='ltr'><strong>et</strong></span> <span class='ocrx_word' id='word_1_71' title='bbox 1257 1422 1439 1487; x_wconf 90' lang='lat' dir='ltr'><strong>ordinandi</strong></span> 
     </span>
     <span class='ocr_line' id='line_1_11' title="bbox 324 1529 1437 1614; baseline 0 -20"><span class='ocrx_word' id='word_1_72' title='bbox 324 1529 540 1614; x_wconf 85' lang='lat' dir='ltr'><strong>religionem</strong></span> <span class='ocrx_word' id='word_1_73' title='bbox 556 1529 715 1612; x_wconf 90' lang='lat' dir='ltr'><strong>Principi</strong></span> <span class='ocrx_word' id='word_1_74' title='bbox 744 1529 957 1595; x_wconf 85' lang='lat' dir='ltr'><strong>incumbens</strong></span> <span class='ocrx_word' id='word_1_75' title='bbox 973 1533 1029 1594; x_wconf 89' lang='lat' dir='ltr'><strong>est</strong></span> <span class='ocrx_word' id='word_1_76' title='bbox 1045 1533 1186 1594; x_wconf 89' lang='lat' dir='ltr'><strong>tantum</strong></span> <span class='ocrx_word' id='word_1_77' title='bbox 1218 1529 1437 1608; x_wconf 89' lang='lat' dir='ltr'><strong>indirectum,</strong></span> 
     </span>
     <span class='ocr_line' id='line_1_12' title="bbox 324 1636 1439 1720; baseline 0 -20"><span class='ocrx_word' id='word_1_78' title='bbox 324 1637 458 1720; x_wconf 89' lang='lat' dir='ltr'><strong>qnippe</strong></span> <span class='ocrx_word' id='word_1_79' title='bbox 472 1654 537 1720; x_wconf 91' lang='lat' dir='ltr'><strong>pro</strong></span> <span class='ocrx_word' id='word_1_80' title='bbox 554 1654 666 1719; x_wconf 90' lang='lat' dir='ltr'><strong>scopo</strong></span> <span class='ocrx_word' id='word_1_81' title='bbox 683 1637 794 1702; x_wconf 89' lang='lat' dir='ltr'><strong>habet</strong></span> <span class='ocrx_word' id='word_1_82' title='bbox 808 1636 1113 1720; x_wconf 85' lang='lat' dir='ltr'><strong>tranquillitatem</strong></span> <span class='ocrx_word' id='word_1_83' title='bbox 1130 1637 1312 1720; x_wconf 89' lang='lat' dir='ltr'><strong>publicam</strong></span> <span class='ocrx_word' id='word_1_84' title='bbox 1326 1641 1439 1702; x_wconf 90' lang='lat' dir='ltr'><strong>tutare</strong></span> 
     </span>
     <span class='ocr_line' id='line_1_13' title="bbox 324 1742 1440 1828; baseline 0.001 -21"><span class='ocrx_word' id='word_1_85' title='bbox 324 1746 361 1808; x_wconf 90' lang='lat' dir='ltr'><strong>et</strong></span> <span class='ocrx_word' id='word_1_86' title='bbox 378 1742 607 1827; x_wconf 86' lang='lat' dir='ltr'><strong>adaequatae</strong></span> <span class='ocrx_word' id='word_1_87' title='bbox 640 1743 864 1809; x_wconf 90' lang='lat' dir='ltr'><strong>subditorum</strong></span> <span class='ocrx_word' id='word_1_88' title='bbox 896 1744 1065 1809; x_wconf 79' lang='lat' dir='ltr'><strong>felicitati</strong></span> <span class='ocrx_word' id='word_1_89' title='bbox 1098 1744 1303 1826; x_wconf 85' lang='lat' dir='ltr'><strong>consulere;</strong></span> <span class='ocrx_word' id='word_1_90' title='bbox 1338 1745 1440 1828; x_wconf 88' lang='lat' dir='ltr'><strong>igitur</strong></span> 
     </span>
     <span class='ocr_line' id='line_1_14' title="bbox 325 1849 1439 1934; baseline 0.001 -20"><span class='ocrx_word' id='word_1_91' title='bbox 325 1849 499 1932; x_wconf 88' lang='lat' dir='ltr'><strong>Princeps</strong></span> <span class='ocrx_word' id='word_1_92' title='bbox 516 1850 730 1933; x_wconf 81' lang='lat' dir='ltr'><strong>religionem</strong></span> <span class='ocrx_word' id='word_1_93' title='bbox 744 1851 919 1916; x_wconf 89' lang='lat' dir='ltr'><strong>socialem</strong></span> <span class='ocrx_word' id='word_1_94' title='bbox 936 1850 1106 1916; x_wconf 89' lang='lat' dir='ltr'><strong>ordinare</strong></span> <span class='ocrx_word' id='word_1_95' title='bbox 1123 1855 1160 1916; x_wconf 91' lang='lat' dir='ltr'><strong>et</strong></span> <span class='ocrx_word' id='word_1_96' title='bbox 1185 1851 1319 1916; x_wconf 87' lang='lat' dir='ltr'><strong>cultum</strong></span> <span class='ocrx_word' id='word_1_97' title='bbox 1334 1851 1439 1934; x_wconf 90' lang='lat' dir='ltr'><strong>publi-</strong></span> 
     </span>
     <span class='ocr_line' id='line_1_15' title="bbox 324 1955 1440 2040; baseline -0.002 -18"><span class='ocrx_word' id='word_1_98' title='bbox 324 1975 405 2022; x_wconf 89' lang='lat' dir='ltr'><strong>cum</strong></span> <span class='ocrx_word' id='word_1_99' title='bbox 422 1956 573 2022; x_wconf 86' lang='lat' dir='ltr'><strong>definire</strong></span> <span class='ocrx_word' id='word_1_100' title='bbox 606 1957 751 2040; x_wconf 88' lang='lat' dir='ltr'><strong>poterit,</strong></span> <span class='ocrx_word' id='word_1_101' title='bbox 771 1957 849 2022; x_wconf 88' lang='lat' dir='ltr'><strong>sive</strong></span> <span class='ocrx_word' id='word_1_102' title='bbox 867 1975 932 2040; x_wconf 89' lang='lat' dir='ltr'><strong>per</strong></span> <span class='ocrx_word' id='word_1_103' title='bbox 949 1975 1001 2038; x_wconf 88' lang='lat' dir='ltr'><strong>se,</strong></span> <span class='ocrx_word' id='word_1_104' title='bbox 1023 1957 1176 2021; x_wconf 89' lang='lat' dir='ltr'><strong>sinemo</strong></span> <span class='ocrx_word' id='word_1_105' title='bbox 1207 1955 1255 2022; x_wconf 87' lang='lat' dir='ltr'><strong>sit</strong></span> <span class='ocrx_word' id='word_1_106' title='bbox 1287 1959 1347 2040; x_wconf 90' lang='lat' dir='ltr'><strong>qui</strong></span> <span class='ocrx_word' id='word_1_107' title='bbox 1379 1957 1440 2021; x_wconf 88' lang='lat' dir='ltr'><strong>hoo</strong></span> 
     </span>
     <span class='ocr_line' id='line_1_16' title="bbox 322 2063 1508 2147; baseline -0.002 -19"><span class='ocrx_word' id='word_1_108' title='bbox 322 2063 508 2147; x_wconf 91' lang='lat' dir='ltr'><strong>negotium</strong></span> <span class='ocrx_word' id='word_1_109' title='bbox 521 2068 753 2147; x_wconf 83' lang='lat' dir='ltr'><strong>exsequatur,</strong></span> <span class='ocrx_word' id='word_1_110' title='bbox 771 2063 850 2128; x_wconf 89' lang='lat' dir='ltr'><strong>slve</strong></span> <span class='ocrx_word' id='word_1_111' title='bbox 867 2081 932 2147; x_wconf 90' lang='lat' dir='ltr'><strong>per</strong></span> <span class='ocrx_word' id='word_1_112' title='bbox 947 2065 1049 2145; x_wconf 92' lang='lat' dir='ltr'><strong>alios,</strong></span> <span class='ocrx_word' id='word_1_113' title='bbox 1069 2064 1099 2128; x_wconf 91' lang='lat' dir='ltr'><strong>si</strong></span> <span class='ocrx_word' id='word_1_114' title='bbox 1109 2064 1186 2145; x_wconf 89' lang='lat' dir='ltr'><strong>jam</strong></span> <span class='ocrx_word' id='word_1_115' title='bbox 1199 2064 1360 2146; x_wconf 91' lang='lat' dir='ltr'><strong>legitime</strong></span> <span class='ocrx_word' id='word_1_116' title='bbox 1372 2065 1439 2128; x_wconf 85' lang='lat' dir='ltr'><strong>fue·</strong></span> <span class='ocrx_word' id='word_1_117' title='bbox 1507 2081 1508 2092; x_wconf 55' lang='lat'>¹</span> 
     </span>
     <span class='ocr_line' id='line_1_17' title="bbox 323 2171 1441 2254; baseline -0.001 -19"><span class='ocrx_word' id='word_1_118' title='bbox 323 2171 371 2235; x_wconf 91' lang='lat' dir='ltr'><strong>rit</strong></span> <span class='ocrx_word' id='word_1_119' title='bbox 388 2171 554 2236; x_wconf 88' lang='lat' dir='ltr'><strong>instituta</strong></span> <span class='ocrx_word' id='word_1_120' title='bbox 571 2172 645 2234; x_wconf 89' lang='lat' dir='ltr'><strong>alia</strong></span> <span class='ocrx_word' id='word_1_121' title='bbox 662 2172 873 2254; x_wconf 90' lang='lat' dir='ltr'><strong>auctoritas,</strong></span> <span class='ocrx_word' id='word_1_122' title='bbox 891 2171 1141 2254; x_wconf 88' lang='lat' dir='ltr'><strong>congregatio,</strong></span> <span class='ocrx_word' id='word_1_123' title='bbox 1161 2171 1356 2253; x_wconf 82' lang='lat' dir='ltr'><strong>collegium</strong></span> <span class='ocrx_word' id='word_1_124' title='bbox 1386 2171 1441 2236; x_wconf 89' lang='lat' dir='ltr'><strong>vel</strong></span> 
     </span>
     <span class='ocr_line' id='line_1_18' title="bbox 323 2279 1327 2363; baseline 0.001 -20"><span class='ocrx_word' id='word_1_125' title='bbox 323 2279 566 2344; x_wconf 87' lang='lat' dir='ltr'><strong>sacerdotium</strong></span> <span class='ocrx_word' id='word_1_126' title='bbox 587 2297 652 2363; x_wconf 89' lang='lat' dir='ltr'><strong>pro</strong></span> <span class='ocrx_word' id='word_1_127' title='bbox 670 2280 740 2344; x_wconf 89' lang='lat' dir='ltr'><strong>hoe</strong></span> <span class='ocrx_word' id='word_1_128' title='bbox 756 2279 963 2345; x_wconf 89' lang='lat' dir='ltr'><strong>necessario</strong></span> <span class='ocrx_word' id='word_1_129' title='bbox 983 2297 1131 2344; x_wconf 87' lang='lat' dir='ltr'><strong>munere</strong></span> <span class='ocrx_word' id='word_1_130' title='bbox 1148 2279 1327 2344; x_wconf 91' lang='lat' dir='ltr'><strong>obeundo.</strong></span> 
     </span>
    </p>

    <p class='ocr_par' dir='ltr' id='par_1_3' title="bbox 323 2383 1508 3432">
     <span class='ocr_line' id='line_1_19' title="bbox 413 2383 1440 2470; baseline -0.002 -20"><span class='ocrx_word' id='word_1_131' title='bbox 413 2383 458 2450; x_wconf 83' lang='lat' dir='ltr'><strong>Et</strong></span> <span class='ocrx_word' id='word_1_132' title='bbox 474 2386 619 2470; x_wconf 88' lang='lat' dir='ltr'><strong>quidem</strong></span> <span class='ocrx_word' id='word_1_133' title='bbox 634 2404 709 2452; x_wconf 93' lang='lat' dir='ltr'><strong>non</strong></span> <span class='ocrx_word' id='word_1_134' title='bbox 727 2387 848 2470; x_wconf 86' lang='lat' dir='ltr'><strong>agitur</strong></span> <span class='ocrx_word' id='word_1_135' title='bbox 865 2387 946 2450; x_wconf 91' lang='lat' dir='ltr'><strong>heic</strong></span> <span class='ocrx_word' id='word_1_136' title='bbox 962 2385 1006 2450; x_wconf 89' lang='lat' dir='ltr'><strong>de</strong></span> <span class='ocrx_word' id='word_1_137' title='bbox 1023 2402 1111 2450; x_wconf 90' lang='lat' dir='ltr'><strong>cura</strong></span> <span class='ocrx_word' id='word_1_138' title='bbox 1127 2387 1303 2468; x_wconf 83' lang='lat' dir='ltr'><strong>negativa</strong></span> <span class='ocrx_word' id='word_1_139' title='bbox 1322 2403 1384 2451; x_wconf 90' lang='lat' dir='ltr'><strong>seu</strong></span> <span class='ocrx_word' id='word_1_140' title='bbox 1401 2385 1440 2448; x_wconf 87' lang='lat' dir='ltr'><strong>de</strong></span> 
     </span>
     <span class='ocr_line' id='line_1_20' title="bbox 323 2493 1439 2578; baseline -0.003 -21"><span class='ocrx_word' id='word_1_141' title='bbox 323 2493 519 2578; x_wconf 72' lang='lat' dir='ltr'><strong>defensioue</strong></span> <span class='ocrx_word' id='word_1_142' title='bbox 531 2494 731 2577; x_wconf 88' lang='lat' dir='ltr'><strong>religionis,</strong></span> <span class='ocrx_word' id='word_1_143' title='bbox 747 2511 840 2578; x_wconf 89' lang='lat' dir='ltr'><strong>qnae</strong></span> <span class='ocrx_word' id='word_1_144' title='bbox 858 2499 958 2558; x_wconf 89' lang='lat' dir='ltr'><strong>certe</strong></span> <span class='ocrx_word' id='word_1_145' title='bbox 971 2493 1130 2576; x_wconf 90' lang='lat' dir='ltr'><strong>Principi</strong></span> <span class='ocrx_word' id='word_1_146' title='bbox 1150 2497 1291 2558; x_wconf 89' lang='lat' dir='ltr'><strong>tantum</strong></span> <span class='ocrx_word' id='word_1_147' title='bbox 1307 2509 1439 2574; x_wconf 89' lang='lat' dir='ltr'><strong>compe·</strong></span> 
     </span>
     <span class='ocr_line' id='line_1_21' title="bbox 324 2597 1440 2680; baseline -0.002 -17"><span class='ocrx_word' id='word_1_148' title='bbox 324 2599 379 2680; x_wconf 90' lang='lat' dir='ltr'><strong>tit,</strong></span> <span class='ocrx_word' id='word_1_149' title='bbox 401 2618 447 2664; x_wconf 92' lang='lat' dir='ltr'><strong>ne</strong></span> <span class='ocrx_word' id='word_1_150' title='bbox 464 2599 501 2664; x_wconf 90' lang='lat' dir='ltr'><strong>in</strong></span> <span class='ocrx_word' id='word_1_151' title='bbox 519 2600 646 2665; x_wconf 90' lang='lat' dir='ltr'><strong>cadem</strong></span> <span class='ocrx_word' id='word_1_152' title='bbox 663 2601 838 2665; x_wconf 89' lang='lat' dir='ltr'><strong>societate</strong></span> <span class='ocrx_word' id='word_1_153' title='bbox 856 2599 950 2664; x_wconf 87' lang='lat' dir='ltr'><strong>duae</strong></span> <span class='ocrx_word' id='word_1_154' title='bbox 969 2597 1187 2664; x_wconf 84' lang='lat' dir='ltr'><strong>inducantur</strong></span> <span class='ocrx_word' id='word_1_155' title='bbox 1205 2599 1303 2664; x_wconf 83' lang='lat' dir='ltr'><strong>vires</strong></span> <span class='ocrx_word' id='word_1_156' title='bbox 1333 2615 1440 2663; x_wconf 87' lang='lat' dir='ltr'><strong>arma·</strong></span> 
     </span>
     <span class='ocr_line' id='line_1_22' title="bbox 324 2705 1440 2791; baseline -0.003 -19"><span class='ocrx_word' id='word_1_157' title='bbox 324 2711 396 2788; x_wconf 87' lang='lat' dir='ltr'><strong>tae,</strong></span> <span class='ocrx_word' id='word_1_158' title='bbox 416 2707 480 2773; x_wconf 88' lang='lat' dir='ltr'><strong>sed</strong></span> <span class='ocrx_word' id='word_1_159' title='bbox 499 2707 664 2791; x_wconf 87' lang='lat' dir='ltr'><strong>quaestio</strong></span> <span class='ocrx_word' id='word_1_160' title='bbox 687 2714 741 2772; x_wconf 89' lang='lat' dir='ltr'><strong>est</strong></span> <span class='ocrx_word' id='word_1_161' title='bbox 759 2707 802 2772; x_wconf 88' lang='lat' dir='ltr'><strong>de</strong></span> <span class='ocrx_word' id='word_1_162' title='bbox 816 2725 904 2772; x_wconf 86' lang='lat' dir='ltr'><strong>cura</strong></span> <span class='ocrx_word' id='word_1_163' title='bbox 918 2707 1077 2790; x_wconf 85' lang='lat' dir='ltr'><strong>positiva</strong></span> <span class='ocrx_word' id='word_1_164' title='bbox 1091 2724 1154 2772; x_wconf 89' lang='lat' dir='ltr'><strong>sen</strong></span> <span class='ocrx_word' id='word_1_165' title='bbox 1173 2705 1217 2770; x_wconf 91' lang='lat' dir='ltr'><strong>de</strong></span> <span class='ocrx_word' id='word_1_166' title='bbox 1231 2707 1440 2772; x_wconf 81' lang='lat' dir='ltr'><strong>ordinatione</strong></span> 
     </span>
     <span class='ocr_line' id='line_1_23' title="bbox 323 2811 1440 2898; baseline -0.004 -19"><span class='ocrx_word' id='word_1_167' title='bbox 323 2814 523 2898; x_wconf 86' lang='lat' dir='ltr'><strong>religionis,</strong></span> <span class='ocrx_word' id='word_1_168' title='bbox 543 2832 637 2898; x_wconf 89' lang='lat' dir='ltr'><strong>quae</strong></span> <span class='ocrx_word' id='word_1_169' title='bbox 656 2819 756 2879; x_wconf 89' lang='lat' dir='ltr'><strong>recte</strong></span> <span class='ocrx_word' id='word_1_170' title='bbox 773 2815 818 2878; x_wconf 85' lang='lat' dir='ltr'><strong>ab</strong></span> <span class='ocrx_word' id='word_1_171' title='bbox 837 2813 918 2878; x_wconf 91' lang='lat' dir='ltr'><strong>aliis</strong></span> <span class='ocrx_word' id='word_1_172' title='bbox 936 2813 1118 2896; x_wconf 88' lang='lat' dir='ltr'><strong>praestari</strong></span> <span class='ocrx_word' id='word_1_173' title='bbox 1133 2814 1246 2896; x_wconf 90' lang='lat' dir='ltr'><strong>volet,</strong></span> <span class='ocrx_word' id='word_1_174' title='bbox 1267 2813 1363 2896; x_wconf 92' lang='lat' dir='ltr'><strong>quod</strong></span> <span class='ocrx_word' id='word_1_175' title='bbox 1376 2811 1440 2876; x_wconf 89' lang='lat' dir='ltr'><strong>evi-</strong></span> 
     </span>
     <span class='ocr_line' id='line_1_24' title="bbox 324 2919 1440 3006; baseline -0.005 -19"><span class='ocrx_word' id='word_1_176' title='bbox 324 2923 451 2988; x_wconf 89' lang='lat' dir='ltr'><strong>denter</strong></span> <span class='ocrx_word' id='word_1_177' title='bbox 464 2927 566 3006; x_wconf 88' lang='lat' dir='ltr'><strong>patet</strong></span> <span class='ocrx_word' id='word_1_178' title='bbox 584 2923 653 2986; x_wconf 90' lang='lat' dir='ltr'><strong>rite</strong></span> <span class='ocrx_word' id='word_1_179' title='bbox 672 2921 861 3004; x_wconf 85' lang='lat' dir='ltr'><strong>perpensis</strong></span> <span class='ocrx_word' id='word_1_180' title='bbox 887 2919 1042 2985; x_wconf 89' lang='lat' dir='ltr'><strong>diversis</strong></span> <span class='ocrx_word' id='word_1_181' title='bbox 1059 2919 1335 3003; x_wconf 87' lang='lat' dir='ltr'><strong>hypothesibus,</strong></span> <span class='ocrx_word' id='word_1_182' title='bbox 1355 2933 1440 3001; x_wconf 87' lang='lat' dir='ltr'><strong>quac</strong></span> 
     </span>
     <span class='ocr_line' id='line_1_25' title="bbox 325 3025 1439 3112; baseline -0.005 -20"><span class='ocrx_word' id='word_1_183' title='bbox 325 3047 496 3094; x_wconf 87' lang='lat' dir='ltr'><strong>ocurrere</strong></span> <span class='ocrx_word' id='word_1_184' title='bbox 514 3033 677 3112; x_wconf 85' lang='lat' dir='ltr'><strong>possunt,</strong></span> <span class='ocrx_word' id='word_1_185' title='bbox 698 3034 733 3092; x_wconf 92' lang='lat' dir='ltr'><strong>et</strong></span> <span class='ocrx_word' id='word_1_186' title='bbox 750 3045 881 3109; x_wconf 88' lang='lat' dir='ltr'><strong>reapse</strong></span> <span class='ocrx_word' id='word_1_187' title='bbox 896 3027 1109 3093; x_wconf 87' lang='lat' dir='ltr'><strong>verificatae</strong></span> <span class='ocrx_word' id='word_1_188' title='bbox 1127 3031 1210 3092; x_wconf 90' lang='lat' dir='ltr'><strong>sunt</strong></span> <span class='ocrx_word' id='word_1_189' title='bbox 1228 3025 1324 3110; x_wconf 89' lang='lat' dir='ltr'><strong>apud</strong></span> <span class='ocrx_word' id='word_1_190' title='bbox 1337 3042 1439 3108; x_wconf 91' lang='lat' dir='ltr'><strong>popu·</strong></span> 
     </span>
     <span class='ocr_line' id='line_1_26' title="bbox 324 3133 1439 3220; baseline -0.006 -19"><span class='ocrx_word' id='word_1_191' title='bbox 324 3137 378 3201; x_wconf 90' lang='lat' dir='ltr'><strong>los</strong></span> <span class='ocrx_word' id='word_1_192' title='bbox 395 3137 622 3220; x_wconf 87' lang='lat' dir='ltr'><strong>antiquitatis</strong></span> <span class='ocrx_word' id='word_1_193' title='bbox 640 3141 726 3200; x_wconf 86' lang='lat' dir='ltr'><strong>ante</strong></span> <span class='ocrx_word' id='word_1_194' title='bbox 739 3139 959 3219; x_wconf 89' lang='lat' dir='ltr'><strong>postremam</strong></span> <span class='ocrx_word' id='word_1_195' title='bbox 976 3135 1240 3200; x_wconf 86' lang='lat' dir='ltr'><strong>revelationem</strong></span> <span class='ocrx_word' id='word_1_196' title='bbox 1259 3153 1281 3198; x_wconf 89' lang='lat' dir='ltr'><strong>a</strong></span> <span class='ocrx_word' id='word_1_197' title='bbox 1306 3133 1439 3200; x_wconf 79' lang='lat' dir='ltr'><strong>Christo</strong></span> 
     </span>
     <span class='ocr_line' id='line_1_27' title="bbox 324 3241 1441 3326; baseline -0.004 -20"><span class='ocrx_word' id='word_1_198' title='bbox 324 3243 473 3326; x_wconf 76' lang='lat' dir='ltr'><strong>laetam,</strong></span> <span class='ocrx_word' id='word_1_199' title='bbox 492 3245 578 3309; x_wconf 92' lang='lat' dir='ltr'><strong>hino</strong></span> <span class='ocrx_word' id='word_1_200' title='bbox 595 3250 846 3325; x_wconf 88' lang='lat' dir='ltr'><strong>argumentum</strong></span> <span class='ocrx_word' id='word_1_201' title='bbox 861 3241 1057 3323; x_wconf 86' lang='lat' dir='ltr'><strong>jnridioum</strong></span> <span class='ocrx_word' id='word_1_202' title='bbox 1077 3259 1194 3326; x_wconf 92' lang='lat' dir='ltr'><strong>nuper</strong></span> <span class='ocrx_word' id='word_1_203' title='bbox 1222 3243 1372 3307; x_wconf 89' lang='lat' dir='ltr'><strong>allatum</strong></span> <span class='ocrx_word' id='word_1_204' title='bbox 1401 3255 1441 3302; x_wconf 84' lang='lat' dir='ltr'><strong>en</strong></span> 
     </span>
     <span class='ocr_line' id='line_1_28' title="bbox 324 3347 972 3432; baseline -0.005 -19"><span class='ocrx_word' id='word_1_205' title='bbox 324 3347 478 3415; x_wconf 85' lang='lat' dir='ltr'><strong>historia</strong></span> <span class='ocrx_word' id='word_1_206' title='bbox 496 3349 671 3432; x_wconf 87' lang='lat' dir='ltr'><strong>majorem</strong></span> <span class='ocrx_word' id='word_1_207' title='bbox 687 3349 758 3412; x_wconf 88' lang='lat' dir='ltr'><strong>vim</strong></span> <span class='ocrx_word' id='word_1_208' title='bbox 776 3352 972 3411; x_wconf 89' lang='lat' dir='ltr'><strong>mutuatur.</strong></span> 
     </span>
    </p>

    <p class='ocr_par' dir='ltr' id='par_1_4' title="bbox 325 3452 1441 3862">
     <span class='ocr_line' id='line_1_29' title="bbox 413 3452 1437 3536; baseline -0.007 -15"><span class='ocrx_word' id='word_1_209' title='bbox 413 3455 457 3521; x_wconf 84' lang='lat' dir='ltr'><strong>nt</strong></span> <span class='ocrx_word' id='word_1_210' title='bbox 473 3473 574 3536; x_wconf 90' lang='lat' dir='ltr'><strong>sane,</strong></span> <span class='ocrx_word' id='word_1_211' title='bbox 594 3454 640 3520; x_wconf 90' lang='lat' dir='ltr'><strong>ad</strong></span> <span class='ocrx_word' id='word_1_212' title='bbox 656 3452 936 3519; x_wconf 87' lang='lat' dir='ltr'><strong>internoscenda</strong></span> <span class='ocrx_word' id='word_1_213' title='bbox 954 3456 990 3518; x_wconf 90' lang='lat' dir='ltr'><strong>et</strong></span> <span class='ocrx_word' id='word_1_214' title='bbox 1008 3452 1286 3518; x_wconf 87' lang='lat' dir='ltr'><strong>determinanda</strong></span> <span class='ocrx_word' id='word_1_215' title='bbox 1295 3454 1380 3535; x_wconf 88' lang='lat' dir='ltr'><strong>jura</strong></span> <span class='ocrx_word' id='word_1_216' title='bbox 1393 3455 1437 3516; x_wconf 90' lang='lat' dir='ltr'><strong>at·</strong></span> 
     </span>
     <span class='ocr_line' id='line_1_30' title="bbox 325 3561 1441 3646; baseline -0.006 -18"><span class='ocrx_word' id='word_1_217' title='bbox 325 3581 395 3646; x_wconf 89' lang='lat' dir='ltr'><strong>que</strong></span> <span class='ocrx_word' id='word_1_218' title='bbox 413 3563 533 3629; x_wconf 83' lang='lat' dir='ltr'><strong>officia</strong></span> <span class='ocrx_word' id='word_1_219' title='bbox 550 3563 759 3645; x_wconf 90' lang='lat' dir='ltr'><strong>Principum</strong></span> <span class='ocrx_word' id='word_1_220' title='bbox 776 3562 895 3646; x_wconf 89' lang='lat' dir='ltr'><strong>quoad</strong></span> <span class='ocrx_word' id='word_1_221' title='bbox 910 3562 1176 3628; x_wconf 87' lang='lat' dir='ltr'><strong>ordinationem</strong></span> <span class='ocrx_word' id='word_1_222' title='bbox 1195 3561 1381 3646; x_wconf 87' lang='lat' dir='ltr'><strong>religionis</strong></span> <span class='ocrx_word' id='word_1_223' title='bbox 1409 3561 1441 3622; x_wconf 88' lang='lat' dir='ltr'><strong>et</strong></span> 
     </span>
     <span class='ocr_line' id='line_1_31' title="bbox 326 3668 1439 3752; baseline -0.004 -19"><span class='ocrx_word' id='word_1_224' title='bbox 326 3671 637 3752; x_wconf 77' lang='lat' dir='ltr'><strong>organisationem</strong></span> <span class='ocrx_word' id='word_1_225' title='bbox 655 3670 772 3734; x_wconf 89' lang='lat' dir='ltr'><strong>cultus</strong></span> <span class='ocrx_word' id='word_1_226' title='bbox 806 3669 943 3751; x_wconf 87' lang='lat' dir='ltr'><strong>publici</strong></span> <span class='ocrx_word' id='word_1_227' title='bbox 959 3669 996 3733; x_wconf 92' lang='lat' dir='ltr'><strong>in</strong></span> <span class='ocrx_word' id='word_1_228' title='bbox 1025 3672 1123 3734; x_wconf 87' lang='lat' dir='ltr'><strong>statu</strong></span> <span class='ocrx_word' id='word_1_229' title='bbox 1156 3690 1246 3735; x_wconf 81' lang='lat' dir='ltr'><strong>mere</strong></span> <span class='ocrx_word' id='word_1_230' title='bbox 1279 3668 1439 3735; x_wconf 67' lang='lat' dir='ltr'><strong>natarali»</strong></span> 
     </span>
     <span class='ocr_line' id='line_1_32' title="bbox 325 3776 1440 3862; baseline -0.004 -22"><span class='ocrx_word' id='word_1_231' title='bbox 325 3784 480 3858; x_wconf 87' lang='lat' dir='ltr'><strong>quatuor</strong></span> <span class='ocrx_word' id='word_1_232' title='bbox 512 3777 733 3860; x_wconf 85' lang='lat' dir='ltr'><strong>hypotheses</strong></span> <span class='ocrx_word' id='word_1_233' title='bbox 751 3776 836 3858; x_wconf 85' lang='lat' dir='ltr'><strong>fingi</strong></span> <span class='ocrx_word' id='word_1_234' title='bbox 855 3781 1018 3858; x_wconf 89' lang='lat' dir='ltr'><strong>possunt,</strong></span> <span class='ocrx_word' id='word_1_235' title='bbox 1040 3795 1133 3860; x_wconf 89' lang='lat' dir='ltr'><strong>quae</strong></span> <span class='ocrx_word' id='word_1_236' title='bbox 1159 3777 1203 3843; x_wconf 93' lang='lat' dir='ltr'><strong>de</strong></span> <span class='ocrx_word' id='word_1_237' title='bbox 1221 3779 1319 3843; x_wconf 85' lang='lat' dir='ltr'><strong>facto</strong></span> <span class='ocrx_word' id='word_1_238' title='bbox 1337 3791 1440 3862; x_wconf 88' lang='lat' dir='ltr'><strong>penes</strong></span> 
     </span>
    </p>
   </div>
   <div class='ocr_carea' id='block_1_3' title="bbox 236 3884 1316 3967">
    <p class='ocr_par' dir='ltr' id='par_1_5' title="bbox 236 3884 1316 3967">
     <span class='ocr_line' id='line_1_33' title="bbox 236 3884 1316 3967; baseline 0.003 -20"><span class='ocrx_word' id='word_1_239' title='bbox 236 3907 237 3912; x_wconf 43' lang='lat'>¹</span> <span class='ocrx_word' id='word_1_240' title='bbox 325 3886 453 3964; x_wconf 87' lang='lat' dir='ltr'><strong>gentes</strong></span> <span class='ocrx_word' id='word_1_241' title='bbox 471 3885 640 3967; x_wconf 89' lang='lat' dir='ltr'><strong>antiquas</strong></span> <span class='ocrx_word' id='word_1_242' title='bbox 654 3885 829 3948; x_wconf 81' lang='lat' dir='ltr'><strong>ellectum</strong></span> <span class='ocrx_word' id='word_1_243' title='bbox 848 3884 1001 3948; x_wconf 89' lang='lat' dir='ltr'><strong>sortitae</strong></span> <span class='ocrx_word' id='word_1_244' title='bbox 1018 3890 1115 3967; x_wconf 89' lang='lat' dir='ltr'><strong>sunt,</strong></span> <span class='ocrx_word' id='word_1_245' title='bbox 1131 3885 1316 3952; x_wconf 86' lang='lat' dir='ltr'><strong>videlicet:</strong></span> 
     </span>
    </p>
   </div>
   <div class='ocr_carea' id='block_1_4' title="bbox 415 3989 1440 4078">
    <p class='ocr_par' dir='ltr' id='par_1_6' title="bbox 415 3989 1440 4078">
     <span class='ocr_line' id='line_1_34' title="bbox 415 3989 1440 4078; baseline -0.003 -25"><span class='ocrx_word' id='word_1_246' title='bbox 415 3989 466 4054; x_wconf 87' lang='lat'><strong>1.·</strong></span> <span class='ocrx_word' id='word_1_247' title='bbox 519 3991 606 4056; x_wconf 83' lang='lat' dir='ltr'><strong>Unio</strong></span> <span class='ocrx_word' id='word_1_248' title='bbox 625 3995 688 4055; x_wconf 91' lang='lat' dir='ltr'><strong>aut</strong></span> <span class='ocrx_word' id='word_1_249' title='bbox 705 3992 930 4078; x_wconf 81' lang='lat' dir='ltr'><strong>identificatio</strong></span> <span class='ocrx_word' id='word_1_250' title='bbox 946 3991 1184 4058; x_wconf 84' lang='lat' dir='ltr'><strong>Pontificatus</strong></span> <span class='ocrx_word' id='word_1_251' title='bbox 1196 4010 1261 4057; x_wconf 89' lang='lat' dir='ltr'><strong>sen</strong></span> <span class='ocrx_word' id='word_1_252' title='bbox 1278 3989 1440 4058; x_wconf 85' lang='lat' dir='ltr'><strong>Sacerdo-</strong></span> 
     </span>
    </p>
   </div>
   <div class='ocr_carea' id='block_1_5' title="bbox 270 4095 1441 4398">
    <p class='ocr_par' dir='ltr' id='par_1_7' title="bbox 270 4095 1441 4398">
     <span class='ocr_line' id='line_1_35' title="bbox 326 4095 1441 4183; baseline 0 -24"><span class='ocrx_word' id='word_1_253' title='bbox 326 4095 367 4159; x_wconf 93' lang='lat' dir='ltr'><strong>tii</strong></span> <span class='ocrx_word' id='word_1_254' title='bbox 385 4101 422 4160; x_wconf 87' lang='lat' dir='ltr'><strong>et</strong></span> <span class='ocrx_word' id='word_1_255' title='bbox 437 4096 680 4180; x_wconf 87' lang='lat' dir='ltr'><strong>Principatus,</strong></span> <span class='ocrx_word' id='word_1_256' title='bbox 702 4103 740 4162; x_wconf 92' lang='lat' dir='ltr'><strong>nt</strong></span> <span class='ocrx_word' id='word_1_257' title='bbox 755 4097 883 4163; x_wconf 82' lang='lat' dir='ltr'><strong>videre</strong></span> <span class='ocrx_word' id='word_1_258' title='bbox 916 4104 973 4164; x_wconf 90' lang='lat' dir='ltr'><strong>est</strong></span> <span class='ocrx_word' id='word_1_259' title='bbox 991 4100 1089 4183; x_wconf 91' lang='lat' dir='ltr'><strong>apud</strong></span> <span class='ocrx_word' id='word_1_260' title='bbox 1106 4101 1288 4165; x_wconf 88' lang='lat' dir='ltr'><strong>Romanos</strong></span> <span class='ocrx_word' id='word_1_261' title='bbox 1305 4100 1368 4166; x_wconf 90' lang='lat' dir='ltr'><strong>suh</strong></span> <span class='ocrx_word' id='word_1_262' title='bbox 1384 4097 1441 4161; x_wconf 87' lang='lat' dir='ltr'><strong>Rc·</strong></span> 
     </span>
     <span class='ocr_line' id='line_1_36' title="bbox 270 4201 1441 4294; baseline 0.001 -30"><span class='ocrx_word' id='word_1_263' title='bbox 270 4289 271 4294; x_wconf 8' lang='lat'><em>*</em></span> <span class='ocrx_word' id='word_1_264' title='bbox 326 4201 443 4284; x_wconf 89' lang='lat' dir='ltr'><strong>gibus,</strong></span> <span class='ocrx_word' id='word_1_265' title='bbox 462 4205 678 4284; x_wconf 87' lang='lat' dir='ltr'><strong>praesertim</strong></span> <span class='ocrx_word' id='word_1_266' title='bbox 706 4205 808 4269; x_wconf 89' lang='lat' dir='ltr'><strong>initio</strong></span> <span class='ocrx_word' id='word_1_267' title='bbox 827 4206 933 4288; x_wconf 88' lang='lat' dir='ltr'><strong>hujus</strong></span> <span class='ocrx_word' id='word_1_268' title='bbox 966 4207 1142 4289; x_wconf 86' lang='lat' dir='ltr'><strong>epochae:</strong></span> <span class='ocrx_word' id='word_1_269' title='bbox 1172 4209 1313 4290; x_wconf 89' lang='lat' dir='ltr'><strong>pariter</strong></span> <span class='ocrx_word' id='word_1_270' title='bbox 1343 4205 1441 4271; x_wconf 90' lang='lat' dir='ltr'><strong>otiam</strong></span> 
     </span>
     <span class='ocr_line' id='line_1_37' title="bbox 327 4306 1439 4398; baseline 0.002 -28"><span class='ocrx_word' id='word_1_271' title='bbox 327 4307 423 4389; x_wconf 88' lang='lat' dir='ltr'><strong>apud</strong></span> <span class='ocrx_word' id='word_1_272' title='bbox 441 4306 615 4394; x_wconf 82' lang='lat' dir='ltr'><strong>Graecos,</strong></span> <span class='ocrx_word' id='word_1_273' title='bbox 635 4311 847 4395; x_wconf 87' lang='lat' dir='ltr'><strong>Aegyptios,</strong></span> <span class='ocrx_word' id='word_1_274' title='bbox 868 4313 1079 4397; x_wconf 86' lang='lat' dir='ltr'><strong>Aethiopes,</strong></span> <span class='ocrx_word' id='word_1_275' title='bbox 1098 4313 1265 4398; x_wconf 87' lang='lat' dir='ltr'><strong>aliosque</strong></span> <span class='ocrx_word' id='word_1_276' title='bbox 1282 4313 1439 4398; x_wconf 89' lang='lat' dir='ltr'><strong>populos,</strong></span> 
     </span>
    </p>
   </div>
   <div class='ocr_carea' id='block_1_6' title="bbox 0 0 1521 4980">
    <p class='ocr_par' dir='ltr' id='par_1_8' title="bbox 0 0 1521 4980">
     <span class='ocr_line' id='line_1_38' title="bbox 0 0 1521 4980; baseline 0 0"><span class='ocrx_word' id='word_1_277' title='bbox 0 0 1521 4980; x_wconf 95' lang='lat' dir='ltr'><strong> </strong></span> 
     </span>
    </p>
   </div>
  </div>
 </body>
</html>
