3030 4990
800 421 979 481 -102-

328 567 383 633 ria
396 572 451 632 est
465 565 511 631 ad
523 565 755 632 obtinendam
770 567 1009 649 temporalem
1023 565 1205 633 hominum
1219 569 1434 648 felicitatem

326 674 535 741 necessaria
552 673 663 756 igitur
680 677 735 738 est
751 673 798 738 ad
826 673 932 738 tinem
950 673 1138 756 proprium
1156 676 1344 740 societatis
1360 677 1435 740 civi·

327 781 370 846 lis
395 779 699 865 consequendum.
726 779 843 861 Maior
871 780 1047 863 propositi
1079 782 1285 862 argumenti
1313 799 1376 865 per
1402 798 1435 845 se

327 892 428 972 patet
456 892 492 954 et
520 888 701 953 anemine
725 887 925 952 indubium
954 891 1163 970 revocatum
1183 889 1301 953 minor
1325 893 1435 953 autem

326 997 501 1079 probatur
526 993 661 1078 duplici
679 993 995 1077 argumentatione
1013 1011 1058 1058 ex
1077 995 1200 1060 verbis
1217 995 1390 1062 bominum
1405 1002 1436 1060 et

323 1103 526 1188 felicitatem
544 1101 765 1187 temporalem
784 1100 987 1184 desumpta.

416 1209 467 1274 1.⁰
512 1207 675 1274 Societas
705 1209 823 1274 civilis
840 1209 1025 1292 inquirere
1040 1214 1077 1273 et
1106 1227 1324 1292 promovere
1341 1211 1437 1276 debet

326 1318 538 1382 felicitatem
557 1317 808 1401 temporalem,
826 1335 898 1382 non
916 1334 1182 1400 quamcumque
1200 1319 1376 1399 absolute,
1392 1321 1435 1382 in·

326 1425 510 1488 nominate
529 1429 592 1488 aut
609 1424 886 1490 indeterminate
915 1429 1131 1507 spectatam,
1151 1425 1216 1490 sed
1233 1427 1435 1492 felicitatem

326 1529 605 1613 respondentem
622 1529 733 1594 indoli
751 1536 787 1595 et
815 1529 876 1594 lini
905 1537 1060 1594 naturae
1077 1529 1271 1612 humanae,
1291 1531 1359 1596 boc
1375 1538 1433 1612 est,

325 1638 511 1720 propriam
540 1637 727 1720 hominunm
744 1638 808 1702 sed
827 1637 989 1702 homines
1015 1655 1060 1702 ex
1091 1638 1213 1703 anima
1239 1643 1276 1704 et
1293 1657 1435 1722 corpore

327 1749 507 1826 constant3
524 1761 610 1828 ergo
627 1761 698 1808 non
716 1744 832 1810 solum
850 1744 1063 1810 felicitatem
1077 1745 1272 1828 partialem
1291 1748 1436 1832 corporis

326 1868 524 1936 procurare
541 1854 698 1933 tenetur,
717 1869 844 1917 verum
863 1851 973 1916 etiam
990 1853 1138 1934 animae,
1158 1855 1196 1916 ut
1210 1853 1257 1916 sit
1271 1854 1391 1917 totalis
1406 1858 1437 1917 ct

327 1955 532 2041 adaequata
547 1959 657 2022 etiam
674 1959 710 2023 in
739 1958 808 2022 bec
825 1959 903 2028 rita
931 1975 995 2023 seu
1024 1959 1061 2023 in
1086 1959 1213 2024 ordine
1238 1959 1434 2043 temporali:

325 2081 421 2130 nunc
439 2083 527 2130 vero
544 2065 701 2130 felicitas
720 2065 875 2148 animae,
895 2069 935 2131 ut
950 2066 1072 2149 plena,
1089 2066 1272 2149 completa
1291 2071 1326 2132 et
1339 2067 1436 2132 adae·

326 2177 437 2255 quatu
453 2171 642 2254 habeatur,
659 2171 826 2237 ordinata
839 2189 919 2238 esse
934 2172 1041 2237 debet
1054 2172 1100 2236 ad
1115 2174 1229 2238 vitam
1245 2179 1434 2254 aeternam,

325 2278 479 2363 ideoque
492 2297 573 2344 cum
586 2279 762 2360 religione
780 2279 995 2344 relationem
1014 2279 1161 2344 habere.

414 2384 507 2450 Hinc
524 2386 686 2469 sequitur
710 2383 915 2468 Principem
943 2391 1006 2451 aut
1023 2405 1231 2470 supremum
1260 2387 1435 2454 societatis

326 2493 444 2558 civilis
461 2491 738 2576 Moderatorem,
754 2496 792 2557 ut
815 2493 974 2560 felicitas
994 2495 1205 2577 temporalis
1223 2496 1436 2562 subditorum

325 2602 372 2666 sit
389 2617 476 2666 vere
491 2600 652 2683 bumana,
666 2599 701 2664 id
715 2603 782 2682 est,
801 2601 951 2683 propria
969 2602 1105 2666 entium
1123 2602 1367 2685 rationalium,
1383 2601 1436 2684 qui

325 2713 475 2792 propter
492 2707 649 2772 animam
667 2707 712 2770 ad
728 2707 890 2772 ordinem
905 2708 1070 2773 altiorem
1085 2715 1121 2774 et
1137 2709 1351 2800 nobiliorem
1364 2726 1435 2792 per·

325 2817 453 2898 tinent,
472 2830 602 2879 curare
629 2817 666 2878 et
692 2813 820 2878 fovere
837 2814 954 2878 teneri
980 2815 1076 2879 bona
1093 2817 1309 2900 spiritualia,
1328 2815 1434 2897 cujus-

324 2922 420 2988 modi
452 2927 537 2986 sunt
567 2921 699 2985 bonum
749 2921 981 2988 intellectuale
1015 2921 1220 3005 (institutio,
1255 2921 1434 2988 instructio

325 3029 484 3110 scholae,
504 3027 650 3111 publica
668 3028 823 3111 cultura,
843 3029 943 3110 etc.);
959 3029 1092 3094 bonum
1110 3029 1241 3097 morale
1259 3029 1434 3114 (honestas

324 3153 474 3218 morum,
495 3135 664 3200 vitiorum
682 3135 876 3218 repressio,
895 3136 1068 3201 coercitio
1102 3137 1305 3219 criminum,
1324 3138 1435 3220 legum

324 3241 528 3324 sapientum
544 3242 756 3324 publicatio,
771 3247 872 3306 recta
882 3242 1046 3324 justitiae
1060 3243 1340 3328 administratio,
1354 3244 1433 3308 alia·

325 3347 446 3430 quaid
464 3351 603 3430 genus);
622 3349 754 3414 bonum
770 3350 978 3436 religiosam,
997 3349 1130 3414 etenim
1148 3355 1319 3416 creatura
1335 3350 1433 3415 ratio·

324 3455 417 3520 nalis
436 3453 644 3520 Creatorem
662 3472 764 3520 suum
782 3472 995 3540 agnoscere,
1016 3457 1151 3538 colere,
1171 3458 1327 3524 adorare
1344 3463 1378 3522 et
1393 3455 1434 3520 ad

323 3561 445 3644 Ipsum
462 3565 645 3645 tamquam
659 3563 765 3627 finem
781 3563 943 3629 ultimum
961 3563 1111 3629 tendere
1125 3565 1372 3648 obstringitur.

412 3667 464 3732 20
511 3667 712 3734 Secundum
738 3675 990 3752 argumentum
1008 3689 1054 3735 ex
1067 3672 1237 3758 felicitate
1261 3670 1434 3758 temporali

324 3775 516 3840 deductum
534 3777 585 3841 ita
603 3777 637 3842 in
656 3777 773 3842 forma
789 3780 918 3845 soritae
935 3778 1125 3844 formulari
1142 3784 1274 3862 potest:
1292 3780 1370 3845 finis
1384 3797 1433 3842 so-

324 3883 467 3947 cietatis
484 3883 602 3948 civilis
620 3888 675 3948 est
693 3884 851 3950 felicitas
877 3885 1102 3969 temporalis;
1122 3886 1281 3952 felicitas
1307 3891 1432 3968 tempo·

323 3992 411 4057 ralis
429 3990 583 4056 obtineri
596 3994 721 4076 nequit
738 3995 875 4078 absque
888 3997 1156 4079 tranquillitate
1169 3997 1330 4081 publica;
1344 4001 1432 4062 tran-

324 4097 485 4182 quillitas
503 4098 650 4180 publica
673 4100 800 4166 baberi
816 4103 942 4186 nequit
966 4104 1104 4187 absque
1128 4105 1348 4186 moralitate;
1367 4121 1431 4168 mo·

323 4206 451 4270 relitas
467 4221 535 4270 nec
553 4224 632 4272 esse
657 4226 725 4274 nec
742 4211 884 4295 concipi
908 4215 1031 4296 potest
1047 4214 1125 4278 sine
1143 4213 1332 4297 religione3
1350 4227 1431 4292 ergo

322 4313 451 4397 religio
477 4315 684 4380 necessaria
708 4317 823 4382 estad
850 4319 1066 4387 felicitatem
1095 4321 1332 4406 temporalem
1349 4317 1429 4383 obti-
