3024 4994
802 431 976 492 -256-

328 573 547 657 conditione,
568 575 683 642 donec
700 577 902 642 retineatur
918 581 954 642 et
977 575 1029 640 uti
1046 573 1172 658 possit;
1194 572 1338 638 minime
1354 589 1431 636 vero

327 683 496 748 tribuitur
509 683 555 748 ad
572 683 757 766 ponendos
782 689 884 750 actus
908 685 1040 750 limites
1070 681 1316 748 concessionis
1329 684 1432 744 trans·

326 791 533 874 gredientes
550 799 587 858 et
599 793 753 859 effectus
765 793 966 877 gignendos
981 811 1069 858 vere
1085 790 1222 872 irritos;
1243 793 1365 872 utpote
1382 787 1431 852 de·

325 898 465 964 rivales
479 917 525 964 ex
538 900 790 981 jnrisdictione
809 917 906 964 mere
934 899 1074 980 fictitia,
1100 895 1292 980 siquidem,
1330 897 1432 960 morte

326 1023 507 1090 personae
520 1007 780 1090 intercedente,
790 1007 975 1091 quaelibet
984 1006 1145 1088 ejusdem
1156 1010 1320 1088 potestas
1334 1003 1431 1067 omni·

326 1130 373 1178 no
392 1118 514 1178 cessat
530 1119 567 1180 et
584 1113 727 1196 desinit;
744 1113 770 1194 d)
784 1114 970 1180 sententiae
984 1111 1167 1178 constanti
1180 1117 1217 1175 et
1235 1108 1431 1174 traditiona-

326 1221 352 1286 ii
369 1221 569 1304 Ecclesiae,
587 1240 681 1305 quae
697 1221 966 1286 haereditatem
984 1220 1020 1285 in
1050 1217 1288 1301 dignitatibus
1305 1221 1339 1280 et
1368 1214 1431 1278 olfi-

327 1326 392 1393 ciis
425 1328 684 1394 ecclesiasticis
714 1347 858 1412 semper
886 1325 1121 1410 improbavit,
1156 1323 1208 1389 uti
1241 1322 1431 1404 conjicitur,

325 1435 505 1501 interalia
524 1441 756 1500 monumenta
774 1432 1103 1516 memoratudigna,
1120 1449 1165 1496 ex
1178 1429 1340 1513 Epistola
1358 1427 1433 1492 San·

326 1541 375 1606 cti
391 1541 521 1608 Hilarii
538 1542 585 1607 ad
607 1543 802 1607 Ascanium
835 1541 1160 1620 Tarraconensem,
1179 1539 1216 1600 in
1235 1553 1307 1620 qua
1323 1533 1433 1598 decla·

325 1653 427 1714 ratur
444 1649 545 1714 nulla
557 1649 687 1714 electio
702 1667 724 1714 a
737 1648 960 1730 Nundinario
975 1643 1238 1712 Barcinonensi
1251 1649 1435 1708 testamen-

326 1759 363 1820 to
380 1755 481 1820 facta
496 1755 533 1821 in
549 1757 715 1820 savorem
732 1753 876 1820 irenaei
893 1753 1064 1836 Episcopi
1080 1751 1225 1835 Egarae
1244 1749 1362 1835 (hodie
1377 1748 1436 1813 Ta-

330 1876 456 1926 rassae
465 1861 501 1926 in
515 1859 759 1941 catalaunia).

415 1967 469 2031 3.*
514 1967 710 2050 Hypotesis
735 1971 917 2051 repugnat
940 1967 1035 2031 bono
1063 1965 1253 2030 Ecclesiae
1277 1963 1437 2050 repimiai,

326 2073 496 2156 quoniam
527 2074 730 2156 designatio
764 2092 827 2138 seu
860 2073 1059 2138 nominatio
1095 2091 1116 2136 a
1149 2071 1437 2156 praedecessore,

327 2181 410 2244 dum
438 2180 588 2246 invisis
617 2181 704 2263 agit,
731 2181 831 2244 facta
863 2186 1004 2264 portam
1034 2179 1265 2262 gravissimis
1296 2177 1440 2244 malise-

325 2285 474 2366 periret,
489 2290 525 2350 et
536 2303 667 2368 reapse
681 2285 815 2368 triplici
829 2286 957 2351 abusui
972 2303 1100 2352 ansam
1116 2285 1324 2368 praeberet:
1339 2283 1367 2364 ⁸)
1380 2284 1440 2348 dis·

325 2389 437 2471 cidiis,
463 2391 722 2457 rebellionibus
748 2397 783 2456 et
801 2393 939 2457 crebris
966 2393 1277 2474 contentionibus;
1304 2389 1330 2472 i)
1359 2390 1440 2455 arbi·

325 2496 517 2579 trarietati,
536 2499 771 2580 praejudiciis
795 2506 904 2583 atque
937 2501 1142 2584 nepotismo
1171 2518 1218 2566 ex
1243 2503 1349 2583 parte
1377 2497 1440 2562 ila·

326 2600 542 2683 gistratuum
580 2606 642 2671 vel
674 2605 897 2688 Praesulum;
924 2611 949 2688 ⁰)
977 2607 1167 2688 simoniae,
1200 2605 1386 2672 ambitioni
1411 2609 1442 2667 et

326 2707 505 2784 avaritiae
519 2727 565 2776 ex
582 2715 688 2794 parte
705 2712 937 2778 clericorum.

413 2813 553 2882 Deinde
586 2817 789 2900 designatio
820 2819 1042 2882 successoris
1076 2819 1123 2884 ab
1154 2815 1442 2884 antecessorem

325 2919 403 2985 vita
419 2923 519 2987 facta
537 2925 686 3005 perinde
712 2931 820 3006 esset,
841 2929 905 2989 aut
929 2926 1061 2992 saltem
1079 2926 1175 2991 idem
1194 2924 1389 2990 haberetur
1406 2937 1443 2984 ac

324 3030 505 3093 successio
533 3028 791 3111 haereditaria;
810 3049 907 3096 nunc
926 3050 1029 3114 vero,
1044 3033 1213 3098 Ecclesia
1248 3049 1321 3097 non
1348 3028 1443 3094 modo

324 3131 586 3200 haereditatem
598 3138 746 3218 proprie
765 3138 898 3202 dictam
913 3138 950 3202 in
964 3139 1175 3204 muneribus
1189 3135 1444 3204 ecclesiasticis

324 3239 548 3322 reprobavit,
567 3259 694 3306 verum
723 3244 831 3308 etiam
861 3244 907 3308 ab
937 3263 980 3309 eo
1007 3246 1105 3310 omni
1130 3245 1339 3327 abhorruit,
1360 3239 1445 3327 quod

326 3343 483 3424 speciem
514 3349 754 3413 successionis
785 3349 1055 3417 haereditariae
1085 3353 1352 3435 praeseferrot;
1372 3349 1444 3414 hinc

326 3449 445 3529 aegris
465 3451 577 3516 oculis
603 3461 778 3536 perpetuo
804 3465 1030 3541 prosequuta
1060 3465 1128 3542 est,
1148 3461 1220 3526 imo
1240 3460 1352 3524 etiarn
1379 3459 1445 3521 lere

326 3553 510 3634 prohibuit
523 3555 760 3639 Coadjutores
774 3577 853 3626 oum
870 3565 995 3628 futura
1008 3567 1257 3649 successione,
1274 3567 1325 3630 uti
1339 3571 1443 3629 osten·

327 3658 414 3724 dunt
441 3662 534 3726 inter
560 3664 715 3745 plurima
732 3670 901 3750 exempla
918 3689 996 3737 rem
1025 3679 1190 3738 nostram
1220 3671 1446 3738 conficientia

326 3765 397 3826 tria
414 3767 512 3831 facta
530 3787 574 3832 ex
592 3769 753 3834 Historia
767 3775 894 3854 petita:
911 3778 940 3858 a)
954 3779 989 3843 S.
1018 3779 1245 3861 Augustinus
1274 3779 1445 3846 Eraclium

327 3884 428 3932 suum
446 3867 699 3953 OoadJutorem
729 3881 944 3964 nominavit,
963 3885 1028 3950 sod
1057 3885 1177 3951 noluit
1210 3905 1295 3952 curn
1314 3887 1446 3972 Episco·

328 3988 410 4050 pum
425 3991 651 4062 consecrare,
664 4001 708 4046 ue
723 4003 900 4052 canonem
914 3991 999 4056 VllI
1009 3991 1040 4056 N
1043 3993 1199 4058 icaenac
1213 3993 1355 4076 Synodi
1370 3993 1446 4058 duos

328 4075 513 4143 incudem
543 4084 708 4150 Ecclesia
736 4089 935 4176 Episcopos
964 4115 1044 4162 esso
1064 4105 1259 4166 vetantem
1288 4103 1447 4180 infringe·

330 4183 397 4255 ret,
416 4181 466 4244 ita
482 4189 665 4266 sapienter
684 4193 862 4276 inquiens:
886 4200 981 4276 Quod
998 4207 1249 4288 reprehensum
1268 4219 1319 4277 est
1336 4211 1371 4274 in
1395 4225 1446 4278 raa

335 4283 412 4346 noto
428 4291 628 4371 reprehendi
647 4297 681 4360 iu
692 4301 764 4382 filio
782 4325 864 4368 oceo.
878 4305 958 4372 Erit
971 4311 1167 4398 Presbyter,
1182 4317 1236 4380 aii
1251 4324 1312 4398 cst,
1326 4310 1446 4400 quaudo
