3024 4994
796 385 972 448 -230-

326 527 563 616 praedicandi
581 535 617 597 et
633 531 817 598 Ecclesiae
833 531 1009 598 fundandi
1028 547 1091 598 seu
1106 529 1336 597 adscribendi
1359 549 1440 614 gen·

326 643 381 704 tes
398 637 561 704 infideles
590 639 696 706 unico
714 640 815 722 ovili,
833 640 960 704 insuia
992 638 1270 706 Successoribus
1303 655 1441 721 semper

325 745 551 828 perdurabit.
594 745 747 828 Propter
788 745 855 810 hoc
885 743 1079 810 Successor
1112 743 1148 810 S.
1182 745 1281 810 Petri
1314 745 1441 810 dicitur

326 851 545 940 Apostolicua
562 857 598 915 et
613 853 690 934 ejus
705 851 815 916 Sedes
833 852 1032 936 Apostolica
1047 869 1119 916 nou
1137 857 1277 915 tautum
1292 851 1438 933 origine,

326 959 390 1024 sed
407 958 563 1024 maxime
580 963 842 1041 perseverante
855 965 1036 1044 potestate.

416 1064 584 1130 Potestas
601 1066 808 1152 Dopmattcc
825 1081 1041 1148 permanere
1059 1063 1167 1128 debet
1196 1065 1234 1128 iu
1258 1063 1440 1128 Successo-

328 1173 427 1238 ribus
444 1171 482 1237 B.
502 1171 613 1254 Petri,
635 1187 739 1236 secus
757 1171 852 1236 enim
869 1171 1127 1254 promissiones
1143 1169 1291 1234 divinae
1319 1169 1440 1234 deiice-

326 1283 419 1362 rent,
438 1281 475 1343 et
490 1283 577 1343 tunc
594 1277 892 1356 praevalentibus
916 1277 1030 1359 portis
1046 1277 1155 1340 inferi
1186 1277 1363 1341 adversus
1380 1275 1440 1338 Ec·

327 1388 485 1470 clesiam,
515 1403 582 1450 uec
610 1386 744 1450 iratres
774 1386 812 1449 in
842 1385 912 1449 fide
945 1383 1152 1449 confirmari
1186 1389 1348 1467 possent,
1377 1400 1440 1447 nec

327 1511 465 1578 pascua
481 1511 572 1558 sana
590 1491 755 1556 omnibus
773 1490 938 1557 fidelibus
955 1491 1231 1575 praeberentur,
1258 1508 1327 1556 uec
1339 1490 1439 1554 habe-

326 1604 428 1666 retur
447 1617 553 1664 unum
573 1599 669 1663 ovile
686 1597 752 1664 sub
772 1616 841 1662 uno
859 1603 1006 1680 pastore
1022 1603 1296 1680 congregatum.

418 1705 493 1771 140.
542 1703 669 1785 Quoad
700 1704 1038 1770 determinationem
1057 1703 1311 1784 successionis,
1342 1703 1440 1784 juxta

329 1813 486 1878 omnium
504 1811 731 1876 saeculorum
751 1810 995 1892 traditionem,
1012 1813 1217 1876 unanimem
1233 1827 1439 1875 consensum

327 1918 475 1985 Patrum
494 1925 529 1982 et
547 1923 761 2001 perpetuam
779 1915 968 1982 Ecclesiae
981 1917 1197 1999 doctrinam,
1223 1915 1439 1981 solummodo

328 2025 509 2090 Romanus
526 2023 693 2088 Pontifex
711 2022 911 2106 habendus,
947 2023 1120 2088 colendus
1138 2029 1247 2105 atque
1266 2023 1438 2103 obtempe-

327 2132 462 2198 randus
481 2137 536 2196 est
554 2136 737 2213 tamquam
754 2147 864 2194 verus
882 2147 926 2194 ac
943 2129 1124 2213 legitimus
1141 2129 1239 2194 Petri
1252 2129 1440 2194 Successor

329 2239 365 2302 in
383 2237 518 2320 triplici
535 2241 716 2318 potestate
730 2237 944 2320 primatiali,
978 2236 1168 2321 apostolica
1186 2240 1223 2300 et
1240 2235 1437 2320 dopmaticu;
1504 2289 1505 2308 ,

329 2341 423 2426 quod
442 2343 585 2425 quidem
600 2341 782 2424 colligitur
799 2359 845 2406 ex
859 2341 974 2407 tribus
998 2343 1106 2407 iactis
1119 2343 1371 2424 apertissimis,
1399 2340 1439 2402 ab

330 2449 493 2514 omnibus
514 2447 760 2514 indubitanter
777 2448 957 2531 admissis,
976 2466 1118 2514 necnon
1132 2449 1290 2530 jnridice
1317 2455 1352 2512 et
1380 2447 1438 2512 cri·

328 2557 399 2621 tice
414 2557 615 2639 perpensis:
631 2573 676 2620 ex
694 2555 847 2620 historia
861 2555 1061 2620 certissime
1074 2561 1218 2620 constat
1232 2555 1272 2619 B.
1287 2553 1437 2634 Petrum,

329 2669 519 2746 postquam
535 2661 737 2727 Ecclesiam
754 2663 1019 2728 Antiochenam
1032 2663 1284 2746 gubernasset,
1299 2663 1439 2728 Romam

329 2769 486 2852 venisse,
506 2769 627 2853 ibique
645 2768 772 2834 Sedem
792 2787 893 2836 suam
906 2771 1029 2835 fixisse
1047 2775 1156 2854 atque
1174 2770 1316 2836 demum
1329 2769 1439 2834 inhac

329 2878 479 2944 civitate
496 2886 675 2942 mortuum
693 2895 784 2942 csse.

418 2982 473 3046 Ex
490 2983 558 3048 boc
575 2983 708 3065 triplici
727 2985 825 3049 facto
843 2986 1017 3050 universa
1034 2984 1233 3068 antiquitas
1249 2985 1438 3050 christiana

329 3089 463 3169 statim,
479 3091 615 3174 absque
644 3091 717 3156 ullo
747 3093 996 3157 ecclesiastico
1026 3092 1187 3175 decreto,
1217 3093 1367 3158 deduxit
1381 3093 1437 3156 Ro·

330 3214 473 3262 manum
486 3195 695 3262 Pontificem
724 3199 838 3262 veluti
863 3198 961 3262 Petri
978 3197 1233 3266 Successorem
1251 3215 1437 3282 agnoscen-

329 3303 412 3370 dum
430 3319 521 3384 esse,
542 3303 628 3385 quia
645 3304 736 3368 haec
753 3306 820 3370 fuit
836 3305 870 3370 S.
891 3305 988 3372 Petri
1005 3323 1107 3372 meus
1131 3307 1168 3370 in
1196 3307 1365 3390 eligenda
1379 3303 1437 3369 sibi

329 3409 420 3476 Sede
437 3409 611 3474 Romana.
633 3411 702 3476 Sed
717 3413 896 3477 undenam
911 3415 1106 3480 universae
1123 3415 1333 3498 antiquitati
1350 3417 1436 3480 inuo-

329 3523 469 3583 tescere
499 3516 590 3583 adeo
620 3519 809 3584 evidenter
827 3522 942 3604 potuit
959 3521 1055 3588 hunc
1072 3522 1112 3588 B.
1132 3523 1240 3588 Petro
1266 3525 1436 3589 exstitisse

329 3641 481 3708 scopum
500 3632 535 3690 et
551 3625 658 3690 finem
674 3627 711 3690 in
729 3629 982 3692 constituenda
1010 3630 1078 3695 sibi
1096 3629 1188 3696 Sede
1206 3635 1279 3700 fixa
1297 3629 1436 3698 Romae?

417 3731 601 3814 Ejusmodi
618 3735 804 3799 evidentia
822 3736 1021 3817 procedere
1039 3739 1163 3806 debuit
1188 3743 1248 3808 vel
1267 3761 1313 3808 ex
1332 3743 1435 3807 decla·
1499 3799 1500 3812 ,

328 3839 470 3904 ratione
483 3857 657 3922 expressa
675 3860 697 3905 a
714 3841 753 3906 B.
775 3842 881 3908 Petro
900 3844 1087 3927 discipulis
1116 3849 1191 3914 suis
1222 3857 1259 3915 et
1277 3847 1435 3915 Ecclesiis

328 3945 439 4026 facta,
459 3946 503 4010 de
531 3965 602 4029 qua
620 3949 785 4015 dubitare
802 3970 874 4016 non
907 3972 1109 4036 possumus,
1138 3975 1218 4022 cum
1252 3977 1311 4024 res
1341 3954 1435 4024 fuerit

329 4053 558 4135 gravissima3
575 4059 636 4122 vel
654 4075 699 4124 ex
712 4060 792 4142 ipsa
807 4061 860 4126 rei
877 4068 1021 4145 natura,
1037 4083 1180 4147 nempe,
1207 4085 1253 4131 ex
1271 4067 1434 4134 identitate

329 4161 554 4225 auctoritatis
583 4165 799 4248 episcopalis
818 4175 854 4232 et
883 4171 1112 4254 primatialis,
1132 4191 1205 4255 qua
1234 4173 1362 4240 Petrus
1379 4171 1433 4236 Ro·

328 4280 471 4331 mauam
488 4267 688 4336 Ecclesiam
706 4283 863 4356 rexerat
885 4278 943 4342 vel
961 4279 1079 4361 potius
1094 4295 1141 4345 ex
1159 4285 1314 4364 utroque
1334 4283 1430 4356 toute,
