3024 4994
468 415 700 474 «239-

74 577 179 625 omnes
190 561 289 644 leges
302 559 490 626 Ecclesiae
503 562 716 646 coaequando
730 566 968 646 acproccepta
984 559 1167 643 imponen-

73 666 287 752 immersere,
306 688 470 735 censuras
487 667 637 734 serendo
651 668 818 754 etpocm'e
835 667 1094 733 ecclesiasticis
1107 683 1169 748 pu-

72 775 198 858 niendo;
215 777 478 860 administrare,
497 777 671 859 curando,
690 774 926 842 custodiendo
942 781 1051 859 atque
1069 779 1169 840 tuen·

72 882 107 946 do
122 883 202 950 tono
218 884 437 968 spiritualia,
452 885 566 950 mixta
580 890 616 950 et
630 884 860 968 temporalia,
887 883 934 948 ad
947 900 1031 948 suas
1045 881 1169 948 Eccle-

70 989 131 1054 slas
153 990 353 1074 attinentia,
386 991 522 1074 regulis
551 1009 596 1056 ao
610 990 959 1074 praescriptionibus
976 988 1170 1055 Sacrorum

70 1091 236 1162 Oanonnm
250 1098 421 1164 servatis.

444 1397 706 1466 ARTICULUS
724 1399 769 1464 X.

477 1609 716 1661 SUMMARIUM.

68 1791 115 1841 lit.
126 1789 263 1857 Principia
275 1794 352 1843 certa
364 1791 438 1843 circa
457 1791 594 1857 originem
610 1791 761 1858 potestatis
782 1807 879 1844 sacrae
903 1796 932 1844 et
955 1791 1172 1845 ecclesiasticae.

128 1862 219 1914 -lli.
250 1861 407 1929 Opiniones
426 1861 463 1914 de
485 1861 594 1928 origine
614 1861 827 1916 Jurisdiotionis
859 1863 1173 1932 Episcopornm.-148.

125 1932 219 1986 Status
244 1933 422 2000 quaestionis
447 1932 738 2002 praefiniatur—149.
769 1934 907 1988 Receusio
930 1933 1062 1989 leterico
1085 1936 1172 2000 hujus

125 2003 590 2073 controversiae-150.Judicium
617 2004 839 2074 criticumsnper
860 2006 1003 2058 sententia
1027 2011 1173 2060 asserente

126 2075 329 2130 derivationem
340 2077 535 2129 immediatam
549 2092 567 2128 a
580 2077 745 2130 Deo-llil.
762 2076 913 2131 Rationum
937 2083 1081 2131 momenta
1100 2093 1173 2146 quae

125 2146 249 2200 militant
258 2161 309 2215 pro
321 2149 465 2200 sententia
485 2153 682 2216 propugnante
696 2150 875 2202 collationem
887 2148 1093 2216 jurisdictionis
1118 2165 1172 2202 me·

125 2217 220 2271 diante
233 2219 265 2271 R.
281 2218 528 2272 Pontifice—itii.
544 2217 618 2281 Quid
631 2218 778 2288 dopmntice
790 2221 826 2272 de
839 2220 893 2273 hac
907 2222 1100 2274 controversia
1111 2236 1172 2274 sen·

125 2289 253 2342 tiendum
266 2289 411 2343 sit—lea.
427 2291 471 2342 An
484 2291 586 2343 saltem
597 2293 625 2342 in
651 2294 861 2346 consecratione
876 2292 1027 2358 adquirant
1039 2291 1173 2358 Episcopi

123 2361 349 2427 jurisdictionem
362 2360 633 2430 collectariam—154.
647 2363 749 2416 Utrum
763 2362 897 2432 Episcopi
913 2360 1050 2418 Titutorea
1059 2366 1118 2417 sint
1128 2379 1173 2418 ne-

126 2435 250 2486 cessario
259 2433 380 2486 vocandi
393 2433 429 2486 ad
440 2427 607 2487 Concilium.

143 2593 216 2660 146.
264 2593 479 2678 Priusquam
492 2596 779 2661 controversiam
794 2595 879 2660 olim
892 2595 983 2661 adeo
995 2597 1172 2679 agitatam

66 2696 101 2762 de
117 2701 255 2784 origine
272 2701 541 2766 Jurisdiotionis
559 2699 821 2784 Episcoporum
839 2702 1108 2785 aggrediamur,
1135 2708 1174 2767 ut

65 2823 207 2891 eaquae
232 2808 471 2874 communiter
486 2809 583 2891 apud
613 2808 811 2874 catholicos
840 2813 990 2892 recepta
1024 2811 1107 2873 sunt
1127 2809 1172 2872 ab

65 2910 101 2975 iis
116 2933 208 2998 quae
226 2914 464 2998 disputationi
484 2915 675 2997 subjacent
707 2917 776 2980 rite
809 2918 1056 2998 secernantur,
1091 2932 1173 2980 con·

64 3027 266 3087 sentaneum
285 3022 389 3087 nobis
422 3022 566 3086 videtur
598 3027 753 3105 quatuor
771 3022 952 3106 principia
970 3021 1171 3101 adstruere,

64 3143 146 3209 quae
161 3135 288 3215 utpote
305 3131 504 3214 generalia,
524 3135 626 3196 certa
644 3135 754 3215 atque
772 3132 957 3197 catholica
985 3132 1030 3196 ab
1064 3133 1173 3196 omni-

64 3233 119 3299 bus
136 3237 301 3303 absolute
315 3255 359 3303 ac
374 3237 689 3304 indiscriminatim
709 3239 850 3303 admitti
868 3238 1101 3321 profiterique
1116 3238 1174 3304 de·

64 3340 150 3410 bent.
978 3365 982 3372 ·

141 3449 313 3516 Primum:
333 3449 457 3518 Omnis
474 3469 581 3518 sacra
599 3455 634 3517 et
651 3451 904 3517 ecclesiastica
930 3455 1093 3534 potestas
1120 3469 1174 3516 re-

64 3561 150 3622 mote
167 3575 212 3622 ac
224 3558 340 3642 primo
357 3564 412 3624 est
430 3577 452 3622 a
464 3559 542 3624 Deo
560 3562 745 3642 tamquam
759 3559 901 3642 gratiae
916 3559 1103 3623 collatore.

142 3662 358 3730 Secundum:
371 3663 539 3732 ,Potestas
554 3663 698 3732 OrdInis
714 3667 835 3730 tamin
849 3665 1051 3748 Episcopis,
1066 3683 1174 3748 quam

64 3765 283 3854 Presbyteris
300 3778 400 3838 certe
417 3791 439 3836 a
456 3772 533 3837 Deo
552 3777 606 3837 est
637 3774 803 3857 proxime
835 3777 872 3836 et
903 3772 1122 3853 immediate,
1152 3791 1175 3836 a

65 3890 126 3956 quo
142 3878 270 3961 positis
295 3879 408 3962 signis
437 3881 765 3946 sacramentalibus
798 3879 1084 3946 consecrationis
1115 3880 1176 3944 vel

65 3985 306 4069 ordinationis,
326 3994 362 4054 et
391 3988 584 4055 character
610 3989 841 4072 imprimitur,
860 3993 897 4053 et
913 3990 1075 4071 potestas
1094 4005 1175 4052 con·

64 4091 183 4177 fertur,
202 4113 297 4180 quae
314 4095 397 4161 dein
414 4097 548 4160 nullius
581 4097 735 4161 hominis
751 4097 902 4162 arbitrio
936 4095 1085 4178 auferri,
1113 4095 1175 4159 im·

65 4201 167 4268 minui
185 4203 246 4268 vel
261 4203 477 4286 amplificari
490 4207 624 4287 potest.

145 4307 316 4374 Tertium:
348 4309 512 4375 Potestas
538 4310 749 4375 Pontificiae
776 4325 819 4373 ac
849 4327 1010 4375 summae
1031 4307 1174 4390 jnrisdi·
