3146 4980
753 395 931 454 ,454-

358 539 412 604 4)
457 545 497 606 ut
513 540 698 624 separatio
715 539 763 603 sit
792 538 933 620 localis,
955 556 1026 603 non
1053 556 1142 603 vero
1173 537 1402 602 universalis

271 649 457 732 (totalique
490 669 605 734 rapae,
632 655 779 732 propter
807 647 956 730 regionis
987 647 1040 711 vel
1067 665 1301 730 personarum
1333 643 1400 709 ad·

262 755 416 838 jactatat

360 857 410 921 5st
461 862 499 922 ut
513 857 699 938 separatio
717 857 762 921 sit
780 857 899 938 potius
916 857 1091 938 negativa
1108 873 1217 938 quam
1235 854 1404 936 positiva

271 964 419 1044 hocest,
439 965 509 1028 sita
531 963 568 1027 in
585 981 627 1028 eo
657 962 753 1046 quod
775 963 897 1026 Status
924 963 1139 1044 religionem
1156 961 1317 1044 aliquam
1335 960 1400 1024 de-

273 1071 504 1136 terminatam
518 1088 590 1136 non
606 1075 787 1153 protegat,
805 1071 892 1153 quin
908 1075 1031 1134 tamen
1059 1069 1248 1134 Ecclesiae
1266 1065 1398 1132 Catho-

274 1177 368 1242 licae
381 1185 508 1259 aperte
521 1177 750 1242 contradicat
765 1177 865 1258 leges
879 1175 1081 1258 condendo,
1093 1193 1188 1258 quae
1199 1176 1399 1258 positivum

274 1283 480 1350 conflictum
496 1301 699 1366 provocare
717 1293 852 1366 queant
869 1284 1074 1367 (capedirct

363 1389 416 1454 6.“
462 1389 629 1473 denique,
660 1394 698 1456 ut
726 1391 912 1471 separatio
942 1389 1178 1468 concedatur,
1222 1395 1401 1470 quantum

275 1497 353 1561 lieri
372 1498 518 1579 poterit,
537 1497 643 1561 salva
659 1513 803 1576 semper
820 1503 922 1560 recta
940 1494 1108 1559 doctrina
1140 1495 1239 1558 circa
1255 1512 1400 1558 norma·

275 1604 329 1668 les
340 1605 537 1668 relationes
555 1603 742 1668 Ecclesiae
755 1609 793 1666 et
804 1603 938 1682 Status,
952 1607 991 1666 et
1007 1620 1088 1666 cum
1105 1602 1247 1666 sincero
1276 1601 1403 1664 animo

276 1712 470 1793 quamcito
488 1709 662 1774 redeundi
693 1709 740 1772 ad
756 1719 889 1774 statum
904 1708 1098 1790 juridicum
1129 1715 1238 1790 atque
1256 1725 1404 1771 norma·

276 1818 361 1896 lem;
380 1818 500 1898 agitur
513 1817 607 1880 enim
621 1815 665 1880 de
680 1833 780 1880 mera
793 1816 1001 1894 tolerantia,
1017 1816 1052 1878 in
1067 1833 1153 1879 casu
1168 1813 1402 1896 particulari,

276 1919 388 2006 supr‘a
402 1927 589 1987 materiam
605 1923 797 2003 partialem
812 1931 848 1986 et
862 1923 941 1986 loco
957 1922 1198 1986 determinato
1214 1922 1403 2000 (tolerari).

367 2029 589 2112 Hypothesis
606 2029 705 2093 hisce
722 2029 906 2110 requisitis
926 2027 1094 2111 praedita
1118 2039 1309 2109 reputatur
1338 2045 1402 2091 ve·

278 2138 331 2202 lut
349 2139 571 2217 necessaria,
589 2143 626 2200 et
639 2137 779 2200 admitti
797 2138 856 2200 vel
874 2137 992 2219 potius
1007 2137 1157 2200 tolerari
1172 2147 1292 2217 potest
1311 2145 1403 2200 tam·

279 2262 387 2327 quam
407 2245 539 2308 malum
558 2245 674 2308 minus
693 2251 729 2309 et
746 2245 890 2307 omissio
910 2245 1007 2322 boni,
1028 2244 1194 2308 absolute
1226 2252 1263 2306 et
1295 2261 1403 2324 regu-

279 2352 697 2435 lariterloque11d0,per
715 2371 749 2416 ro
767 2351 987 2432 damnanda,
1013 2351 1077 2415 sed
1109 2351 1155 2415 ob
1184 2352 1330 2414 criticas
1363 2355 1405 2414 et

279 2457 554 2537 exceptionales
572 2457 865 2520 circumstantias
875 2477 940 2540 per
953 2457 1113 2521 occidens
1141 2455 1400 2539 permittenda.

367 2563 573 2648 Hypotltesis
604 2565 823 2649 systematica
858 2566 910 2626 ita
940 2565 1118 2626 sehabet:
1140 2563 1404 2643 Liberalisurae,

280 2672 438 2754 quomoda
457 2671 614 2756 juridice
640 2679 671 2734 ct
697 2672 908 2754 speculative
940 2672 1161 2736 damnandae
1184 2679 1216 2736 et
1244 2673 1404 2756 rejicien-

279 2777 356 2857 dus,
387 2777 427 2840 de
442 2779 537 2860 facto
550 2783 582 2842 ci
598 2778 635 2840 itt
648 2778 760 2860 praxi
778 2779 953 2860 acceptari
972 2785 1101 2860 potest,
1121 2791 1220 2860 atque
1238 2780 1407 2861 spectatis

279 2893 418 2948 nostrae
445 2885 571 2947 aetolia
605 2883 811 2963 conditione,
837 2885 1016 2948 societatis
1043 2903 1232 2969 progressa
1258 2891 1289 2948 et
1316 2885 1406 2948 bono

280 2990 392 3073 ipsias
411 2989 598 3070 Ecclesiae,
624 2991 670 3054 ad
682 2990 861 3073 publicum
885 2991 1098 3074 populorum
1115 2991 1264 3074 regimen
1288 2990 1407 3073 appli-

282 3096 477 3159 coridebet.

370 3199 418 3263 Ut
438 3207 537 3280 patet
554 3218 599 3264 ex
617 3201 854 3282 praecedenti
873 3201 1041 3281 formula,
1061 3217 1164 3265 error
1181 3201 1349 3282 proprius
1368 3205 1412 3264 et

282 3305 565 3374 fundamentalis
583 3306 813 3372 Liberalismi
842 3307 1013 3372 catholici
1043 3315 1139 3373 totus
1172 3309 1339 3373 consistit
1367 3309 1406 3372 in

281 3413 505 3477 adstruenda
522 3413 566 3476 de
584 3414 681 3477 lacto
700 3413 982 3494 independentia
999 3413 1121 3479 Status
1147 3415 1193 3478 ab
1223 3413 1405 3496 Ecclesia,

280 3518 318 3582 id
334 3527 401 3600 est,
417 3521 451 3584 in
467 3519 663 3584 asserendo
682 3520 861 3600 principio
880 3521 1067 3584 essentiali
1082 3529 1118 3584 et
1134 3521 1314 3585 communi
1331 3522 1407 3584 cui·

281 3627 371 3691 libet
384 3628 513 3707 gradui
527 3625 810 3706 Liberalismi,et
828 3627 971 3708 quidem
986 3634 1173 3709 tamquam
1187 3628 1315 3710 regula
1330 3629 1406 3691 nni·

283 3735 432 3814 versali,
452 3751 580 3797 norma
596 3739 686 3814 tuta,
702 3733 871 3797 methodo
902 3735 1140 3814 systematica
1173 3745 1208 3799 et
1242 3736 1319 3800 basi
1345 3735 1406 3798 fir-

287 3841 448 3906 missima
464 3841 650 3922 regiminis
677 3841 825 3904 socialis
849 3845 886 3904 et
913 3840 1087 3924 politicae
1114 3843 1407 3924 gubernationis:

282 3964 411 4027 exque
427 3947 602 4028 colligere
615 3947 671 4010 fas
685 3955 740 4010 est
754 3955 827 4011 tum
843 3947 1059 4029 palmariam
1078 3949 1408 4014 contradictionem

283 4052 388 4134 hujus
405 4055 601 4135 singularis
620 4056 842 4134 systematis;
863 4055 945 4118 dum
961 4056 1057 4119 enim
1071 4056 1108 4120 in
1122 4057 1248 4120 ordine
1258 4059 1357 4144 juria
1370 4065 1413 4120 et

287 4158 437 4224 theoriae
455 4159 584 4224 thesim
597 4159 814 4225 catholicam
831 4160 991 4224 admittit
1004 4169 1115 4243 atque
1127 4161 1411 4228 Liberalismum

285 4265 446 4349 damnat,
464 4266 570 4330 simul
589 4267 699 4332 etiam
712 4268 748 4332 in
765 4267 891 4332 ordine
903 4269 1079 4353 sactorum
1107 4276 1144 4333 et
1161 4270 1307 4334 socialis
1317 4289 1411 4354 pra·
