3120 4988
821 397 976 455 ..76-

425 541 532 625 Resp.
555 543 766 608 ltaamitto
784 541 970 622 majorem,
999 557 1080 624 nepo
1104 538 1277 604 minorem
1311 541 1347 602 et
1371 557 1456 623 napo

337 648 476 732 pariter
490 667 716 732 consequens
733 653 770 713 et
787 645 1095 729 consequentiam.

426 755 476 820 1.ο
522 757 698 842 Negamus
716 771 942 837 consequens
959 756 995 817 et
1027 749 1336 834 consequentiam,
1370 748 1458 832 quia

336 862 436 928 nulla
454 868 575 930 exstat
588 862 771 946 analogia,
792 860 892 926 sede
917 863 1045 925 contra
1059 857 1248 941 multiplex
1265 857 1358 922 ratio
1385 855 1457 921 dis-

337 972 505 1054 paritatis
523 973 618 1037 inter
636 971 849 1054 religionem
868 965 1063 1034 Gentilium
1081 970 1117 1032 et
1134 965 1376 1032 Christianam
1399 982 1457 1030 re-

337 1079 520 1162 ligionem:
537 1077 563 1163 ³)
579 1077 809 1160 Paganorum
827 1075 1036 1158 superstitio
1054 1090 1249 1156 eorumque
1274 1072 1457 1155 sacrilega

336 1183 543 1249 sacerdotia
561 1201 641 1248 cum
676 1183 843 1248 Ecclesia
877 1179 1010 1248 Christi
1039 1180 1244 1264 comparari
1272 1182 1457 1262 nequeunt

337 1291 474 1374 absque
498 1290 793 1374 magnainjuria3
828 1289 914 1354 licet
948 1290 1043 1354 enim
1072 1305 1146 1353 non
1173 1287 1458 1370 aequiparentur

337 1400 439 1482 ipsae
456 1398 675 1482 Religiones,
694 1397 912 1463 sedtantum
945 1415 967 1461 a
994 1413 1102 1462 sensu
1133 1395 1367 1460 Ethnicorum
1400 1411 1457 1458 ar-

336 1511 480 1588 guatur,
500 1507 629 1590 cuique
643 1509 745 1589 patet
763 1504 871 1570 valde
888 1505 1102 1586 iniuriosum
1117 1521 1196 1569 esse
1220 1503 1305 1584 jura
1333 1499 1458 1566 Eccle-

336 1613 412 1678 siae
426 1614 669 1678 determinare
680 1615 787 1695 juxta
801 1632 947 1678 sensum
977 1613 1185 1696 religiosum
1213 1611 1456 1694 Paganorum,

337 1722 397 1804 qui
414 1720 587 1786 inhaere
605 1723 656 1786 ita
673 1723 935 1803 caecutierunt,
955 1725 994 1785 ut
1006 1722 1115 1786 etiam
1129 1719 1366 1785 Divinitatem
1383 1737 1458 1784 ma·

341 1829 507 1894 terialem
525 1829 703 1910 lacerent3
721 1825 747 1914 b)
764 1829 892 1912 religio
910 1845 1056 1912 pagana
1074 1833 1151 1892 tota
1181 1827 1359 1892 naturalis
1375 1826 1457 1908 suit,

336 1955 402 2002 nos
420 1955 508 2002 vero
530 1937 670 2019 agimus
688 1935 732 2001 de
750 1937 928 2018 religione
945 1935 1215 2019 supernaturali
1232 1934 1278 1999 ab
1292 1933 1460 1998 Ecclesia

337 2043 471 2108 tradita
489 2051 598 2127 atque
616 2045 815 2126 proposita;
835 2046 860 2122 ο)
879 2044 1055 2126 religione
1071 2041 1267 2108 Gentilium
1284 2039 1460 2124 usquead

336 2153 629 2235 superstitionem
647 2157 756 2234 atque
771 2151 1014 2217 idololatriam
1032 2153 1175 2234 penitus
1204 2151 1347 2231 vitiata,
1378 2167 1459 2214 sen·

337 2277 396 2325 sus
412 2261 603 2342 religiosus
621 2260 718 2343 apud
736 2261 817 2325 illos
836 2260 980 2326 omnino
998 2259 1222 2343 depravatus
1237 2263 1305 2339 est;
1324 2275 1458 2341 suppo·

337 2368 406 2432 sita
420 2377 538 2432 autem
554 2369 622 2433 hac
639 2369 917 2453 depravatione,
937 2374 1042 2434 earrte
1057 2374 1094 2433 et
1112 2368 1266 2452 quadam
1285 2385 1366 2431 cum
1398 2384 1459 2430 ex·

337 2476 525 2540 cusatione
538 2475 766 2559 Imperantes
781 2495 839 2542 res
857 2478 1047 2560 religiosas
1064 2476 1132 2540 sibi
1151 2475 1396 2554 vindicarunt,
1412 2491 1460 2537 ne

336 2583 547 2647 sacerdotes
561 2595 689 2648 contra
715 2603 776 2650 eos
794 2585 971 2668 religione
1003 2584 1253 2663 abuterentur;
1269 2577 1295 2665 d)
1327 2582 1460 2664 religio

337 2690 435 2772 apud
448 2691 615 2774 Paganos
633 2693 870 2776 spectabatur
887 2695 1026 2756 tantum
1054 2691 1156 2755 velut
1183 2690 1460 2755 fundamentum

337 2799 540 2884 praesentis
559 2800 670 2880 vitae,
690 2805 727 2864 et
752 2817 823 2863 non
842 2800 998 2880 futurae,
1031 2798 1186 2881 ideoque
1214 2796 1330 2879 Reges
1360 2797 1461 2879 juste

338 2913 508 2988 poterant
524 2906 591 2969 sibi
610 2923 816 2988 supremam
835 2905 1090 2969 auctoritatem
1108 2921 1282 2986 arrogare
1298 2903 1335 2968 in
1366 2903 1460 2968 ordi·

338 3013 459 3076 nanda
476 3013 664 3095 religione,
685 3017 723 3076 ut
740 3012 831 3076 scite
850 3012 956 3076 docet
972 3010 1007 3076 S.
1034 3011 1203 3076 Thomas:
1219 3010 1461 3078 Sacerdotium

339 3117 526 3184 Gentilium
548 3128 578 3185 et
600 3127 690 3186 totus
706 3121 916 3187 Divinarum
935 3122 1045 3186 cultus
1062 3129 1138 3186 erat
1153 3129 1299 3206 propter
1332 3129 1461 3206 tempo-

338 3225 431 3289 ralia
445 3227 543 3308 bona,
560 3247 644 3310 quae
658 3228 866 3294 ordinantur
880 3229 926 3293 ad
939 3229 1172 3294 multitudiuis
1182 3229 1301 3294 bonurn
1313 3247 1460 3293 commu·

338 3351 379 3396 ne
396 3334 593 3416 temporale,
612 3337 711 3420 cujus
728 3335 813 3420 Repi
826 3355 909 3400 cura
923 3337 1101 3416 incumbit·
1116 3336 1205 3400 ande
1222 3337 1461 3401 convenienter

339 3437 526 3504 Gentilium
542 3440 745 3508 Sacerdotes
761 3443 909 3529 Rapidus
929 3443 1164 3509 subdebantur
1183 3444 1242 3526 (1).

427 3545 475 3608 21³
521 3547 694 3634 Nepamaa
724 3549 911 3632 minorem,
931 3567 1073 3633 nempe,
1105 3568 1151 3614 ex
1168 3550 1265 3614 facto
1293 3548 1457 3631 Pagano·

338 3670 417 3718 rum
433 3653 560 3719 inferri
575 3656 634 3737 jus
651 3660 805 3720 naturae
824 3674 942 3740 neque
960 3657 1080 3740 quoad
1096 3658 1213 3740 ipsam
1244 3656 1460 3738 religionem

339 3777 438 3824 mere
452 3763 670 3843 naturale1n3
686 3764 822 3829 lactum
838 3764 934 3828 enim
951 3765 1160 3830 universale
1172 3782 1244 3828 non
1262 3764 1384 3828 statim
1401 3779 1458 3826 ar·

339 3867 417 3948 guit
429 3873 877 3954 sensumnaturae,neque
885 3871 944 3952 jus
956 3874 1039 3937 inre
1047 3871 1217 3954 juridica3
1229 3875 1347 3954 potest
1359 3871 1460 3953 equi·

340 3973 421 4039 dem
438 3977 594 4057 probare
608 3978 830 4044 tendentium
845 3981 1089 4046 universalem
1104 4000 1126 4045 a
1140 3985 1271 4045 natura
1279 3979 1458 4062 profluen-

409 4313 446 4378 (n
482 4309 900 4386 mantuanensem.
