3146 4980
579 407 757 466 -393-

113 556 253 636 insuper
269 553 359 618 XIII
376 552 541 618 eamdem
573 551 776 616 doctrinam
808 551 1063 622 corroboravit
1097 552 1226 631 aperte

114 677 275 725 asserens
287 661 323 726 in
341 659 537 742 Encyclica
556 659 726 724 Libertas:
750 658 999 724 Liberalismus
1016 658 1104 722 attat
1127 657 1227 721 aliud

27 749 28 768 ³
114 766 235 830 astaisi
251 765 505 830 naturalismas
517 762 747 844 socialis,·sed
759 762 1017 826 naturalismus
1035 773 1090 826 est
1103 763 1226 828 exclu-

114 872 160 936 sio
173 881 208 936 et
223 873 372 953 negatio
391 871 528 936 ordinis
545 870 833 952 supernaturalis
861 887 906 934 ac
929 869 1083 952 proinde
1101 869 1225 932 Eccle·

114 979 181 1042 siae
198 979 320 1060 quoad
336 978 561 1042 individuum
578 995 642 1041 seu
673 976 852 1040 hominem
869 977 907 1040 in
939 993 979 1040 so
1007 982 1224 1057 spectatum;

24 1171 25 1174 Ἴ
113 1084 489 1166 igiturLiberalismus
515 1088 571 1148 est
584 1085 729 1166 negatio
758 1084 818 1148 vel
843 1083 1005 1148 exclusio
1036 1081 1225 1146 Ecclesiae

24 1185 26 1258 ,ξ
113 1191 167 1259 vel
193 1191 393 1273 Religionis
407 1189 527 1273 quoad
540 1191 766 1270 societatem,
782 1189 818 1254 id
847 1196 915 1270 est,
934 1189 1053 1272 quoad
1070 1189 1224 1270 Statum,

24 1357 25 1360 ,
113 1305 285 1379 quatenus
303 1299 467 1362 ordinem
484 1297 657 1362 socialem
675 1303 941 1379 repraesentat.

24 1405 25 1408 ’
193 1403 365 1487 Sequitur
381 1407 418 1469 in
435 1403 644 1468 definitione
672 1405 715 1468 ob
731 1403 889 1468 Ecclesia
917 1404 969 1467 cel
986 1403 1163 1487 Reliqioae
1181 1400 1228 1465 ad

113 1511 326 1576 innuendum
340 1529 501 1576 errorem
516 1512 704 1577 liberalem
720 1511 817 1593 apud
840 1510 1040 1575 catholicos
1055 1511 1228 1574 consiste·

114 1619 195 1682 rein
208 1617 630 1701 independentiaStatus
645 1618 691 1682 ab
700 1617 883 1696 Ecclesiam
893 1616 989 1698 apud
1003 1615 1228 1680 acatholicos

113 1731 227 1790 autem
244 1727 353 1790 situm
370 1742 452 1791 esse
468 1726 505 1788 in
529 1721 813 1806 independentia
840 1722 962 1788 Status
981 1722 1027 1786 ab
1055 1722 1118 1786 illa
1136 1721 1228 1786 Reli-

112 1829 225 1910 gione,
244 1849 355 1914 quam
373 1848 499 1897 veram
519 1832 745 1914 profitentur.
897 1897 901 1906 ,

196 1938 364 2021 Denique
382 1940 586 2021 posteriora
600 1939 693 2003 haec
710 1939 825 2004 verba
841 1939 912 2003 aive
928 1939 966 2002 ia
993 1938 1071 2020 ipso
1088 1936 1229 2002 sociota-

24 2099 25 2102 ,
112 2047 154 2110 tis
180 2047 432 2126 constitutione,
461 2047 533 2112 aloc
561 2047 599 2110 ia
631 2053 775 2112 caterno
802 2045 954 2129 ejusdcm
984 2045 1229 2128 yuberaatioac

113 2153 277 2217 addenda
293 2152 473 2234 duximus,
491 2171 535 2217 eo
566 2153 661 2236 quod
679 2169 829 2216 necesse
857 2157 925 2231 est,
945 2158 983 2215 ut
998 2151 1230 2232 ,principium

113 2260 317 2338 essentiale,
346 2260 500 2340 scilicet,
531 2257 816 2341 independentia
843 2256 965 2322 Status
990 2259 1036 2320 ab
1065 2257 1231 2321 Ecclesia

114 2371 181 2430 tum
195 2369 232 2430 in
250 2365 517 2432 fundamentali
548 2367 735 2430 societatis
759 2365 1018 2430 constitutione
1046 2363 1230 2429 continea-

112 2475 178 2552 tur,
197 2479 275 2536 tum
303 2472 341 2536 in
357 2473 500 2536 actibus
518 2471 748 2536 auctoritatis
776 2471 896 2534 civilis
922 2469 1230 2552 deprehendatur,

114 2577 272 2661 alioquin
287 2586 448 2659 systema
483 2577 636 2640 liberale
657 2594 725 2665 nec
743 2578 944 2659 perfectum
963 2576 1146 2656 evaderet,
1164 2593 1233 2640 nec

114 2685 174 2748 toli
191 2685 339 2750 nomine
355 2683 504 2767 proprie
517 2683 684 2764 insigniri
699 2682 862 2748 deberet.

196 2791 254 2856 Ex
273 2791 464 2872 praejacto
480 2789 688 2855 definitione
721 2807 874 2870 pronum
907 2793 963 2852 est
994 2789 1130 2852 inferre
1162 2787 1232 2852 dno

114 2898 341 2963 consectaria
375 2899 497 2979 magni
524 2897 708 2975 momenti,
734 2911 829 2978 quae
857 2892 1049 2959 hodiedum
1068 2911 1232 2975 praeser-

114 3005 172 3070 tim
189 3011 278 3070 ante
303 3005 427 3070 oculos
445 3002 613 3069 habenda
633 3008 719 3067 sunt
747 3001 794 3066 ad
811 3001 1007 3066 tollendam
1027 3017 1232 3083 quamcum-

115 3127 180 3192 que
211 3111 556 3192 aequivocationem
584 3114 621 3174 et
645 3109 1099 3192 frequentesconlusiones
1116 3110 1234 3175 vitan·

115 3215 187 3282 dns:
208 3219 267 3282 l.m
289 3216 566 3281 Liberalismum
599 3216 844 3280 essentialiter
872 3217 1054 3300 politicam
1072 3233 1166 3296 esse,
1184 3215 1236 3279 ita

115 3325 163 3405 ut,
182 3325 213 3388 si
229 3323 278 3388 ab
295 3323 366 3387 hoc
393 3322 610 3388 charactere
642 3322 954 3404 praescindamus,
972 3322 1134 3386 funditus
1153 3327 1236 3384 ruat

115 3436 275 3510 systema
290 3430 456 3509 liberale,
487 3430 572 3513 quia
600 3429 722 3494 deficit
750 3447 817 3493 sua
842 3431 992 3511 propria
1009 3427 1179 3505 essentia,
1199 3431 1237 3490 et

116 3537 258 3602 omnino
273 3537 415 3602 deletur
435 3537 610 3618 specifica
635 3535 713 3616 eJus
740 3535 963 3615 differentia;
993 3532 1236 3597 liberalismus

116 3645 208 3710 enim
238 3645 408 3726 talisest,
439 3651 618 3727 quatenus
638 3644 675 3707 vi
691 3642 798 3722 hujus
826 3640 1035 3722 systematis
1064 3639 1234 3717 societas,

116 3756 229 3816 status
247 3752 307 3816 vel
324 3752 525 3818 auctoritas
543 3750 664 3816 civilis
682 3749 729 3814 ab
742 3747 909 3814 Ecclesia
920 3746 960 3809 lit
972 3744 1234 3826 independens
1328 3789 1331 3798 ,

117 3856 208 3922 unde
221 3873 372 3940 prorsus
400 3856 622 3924 eliminanda
648 3853 847 3934 distinctio,
866 3870 973 3935 quam
992 3852 1238 3933 propugnato

117 3979 173 4028 res
190 3963 396 4046 huiuamodi
411 3964 601 4030 doctrinae
613 3962 788 4028 inducere
803 3965 982 4025 conantur
995 3959 1090 4021 inter
1105 3956 1237 4020 libera·

117 4067 257 4136 lismum
275 4071 519 4154 theologicum
549 4075 586 4135 et
614 4068 877 4135 liberalismum
893 4065 1093 4148 politicum:
1108 4062 1167 4126 2.ss
1186 4059 1237 4126 id-

118 4176 213 4244 circo
231 4197 304 4244 non
321 4196 401 4244 esse
419 4178 508 4244 duos
539 4176 811 4256 Liberalismos,
830 4173 985 4238 alterum
1014 4171 1237 4254 religiosum,

120 4285 263 4369 malum,
277 4286 488 4353 damnatum
508 4291 618 4367 atquo
633 4281 885 4366 rejiciendum
903 4280 1060 4346 alterum
1072 4295 1161 4344 vero
1177 4295 1240 4363 ρος
