3030 4990
552 355 708 410 ..89-

78 501 266 580 socientur,
289 515 442 580 pronum
461 501 552 582 erat,
567 498 704 563 inferre
722 496 892 561 delictum
906 496 988 560 illos
1005 497 1084 561 istis
1109 513 1188 561 con-

78 605 233 686 donasse;
276 605 361 668 hinc
404 610 529 670 nostra
559 601 721 670 Consilia
761 603 951 668 declarant
989 602 1190 668 Ecclesiam

77 714 176 778 etiam
193 713 256 778 hos
275 711 528 795 delinquentes
547 713 582 776 iu
612 730 676 776 suo
694 713 773 776 sinu
793 711 977 794 amplecti3
1005 711 1190 776 enimvero

77 837 221 902 aequum
236 819 430 884 videbatur
449 819 666 901 Ecclesiam,
692 819 841 883 crimine
873 817 975 900 regia
1005 819 1190 900 magnani-

78 928 192 992 mitate
210 926 325 992 semel
339 927 476 1009 ignoto,
503 944 605 991 suum
638 927 797 1008 rigorem
830 926 946 988 lenire
974 923 1191 988 remittendo

78 1053 210 1118 quoque
237 1052 394 1116 poenam
412 1038 562 1117 propter
589 1033 765 1114 ejusmodi
798 1031 969 1098 delictum
1001 1017 1188 1111 inflictam

78 1142 136 1205 sed
167 1142 367 1206 notandum
402 1145 468 1222 est,
496 1141 760 1204 relaxationem
797 1157 938 1222 poenae
971 1155 1115 1220 semper
1146 1137 1191 1201 ab

76 1248 151 1329 ipsa
163 1247 327 1312 Ecclesia
341 1248 420 1312 fieri
437 1247 582 1330 debere,
598 1252 636 1310 ut
664 1246 916 1329 delinquentes
949 1246 986 1309 in
1016 1246 1150 1326 Regem
1172 1263 1194 1308 a

79 1354 214 1420 vinculo
231 1371 410 1420 censurae
425 1354 669 1418 solverentur.

472 1710 734 1778 ARTICULUS
749 1713 790 1776 V.

505 1909 752 1974 Sumsilnruu.

82 2109 121 2158 la.
139 2106 284 2166 Quaenam
296 2104 354 2156 sint
368 2103 516 2170 potissima
531 2103 675 2156 corollaria
701 2103 790 2167 logice
811 2101 933 2154 deducta
958 2118 995 2154 ex
1020 2106 1194 2170 sumematia

143 2177 286 2229 Ecclesiae
309 2177 339 2228 et
361 2174 595 2228 subordinatione
608 2173 744 2226 indirecta
768 2173 912 2225 societatis
938 2175 1029 2227 civilis
1042 2179 1117 2227 -43,
1139 2177 1194 2226 Pri·
1301 2221 1306 2233 ,

143 2264 218 2300 nrum
230 2247 408 2300 corollarium
428 2247 501 2300 circa
514 2245 720 2313 praelationem
745 2245 811 2297 boni
825 2245 982 2312 spiritualis
1004 2249 1032 2298 iu
1061 2245 1194 2298 conflictu

144 2319 457 2384 cumtemporsli.-i4.
478 2317 640 2371 Secundum
656 2317 831 2384 corollarium
857 2317 893 2368 de
915 2317 1011 2370 cilicio
1031 2317 1129 2372 Status
1149 2319 1193 2370 de·

144 2392 285 2444 serviendi
295 2390 438 2442 Ecclesiae
448 2391 534 2442 etiam
546 2388 1117 2456 suppeditandomedialempomlia.—ii.
1132 2389 1192 2442 Ter-

142 2464 212 2514 tium
225 2463 404 2514 corollarium
420 2475 506 2527 strper
516 2461 739 2528 independentis
752 2475 783 2511 ac
796 2460 995 2525 superioritate
1009 2461 1153 2513 Ecclesiae
1165 2461 1193 2512 iu

142 2532 457 2586 necessitaieaervaudi
483 2533 560 2597 leges
588 2532 774 2585 civiles-46.
794 2529 934 2593 Qumtum
959 2533 1136 2584 corollarium
1159 2533 1194 2586 de

144 2607 332 2673 competentia
346 2603 489 2656 Ecclesiae
502 2605 537 2656 ad
551 2605 700 2656 ferendum
710 2604 847 2671 judicium
862 2603 1057 2656 authenticum
1073 2607 1102 2656 iu
1127 2620 1194 2658 cssu

143 2677 290 2730 conflictus
304 2677 349 2728 rel
360 2675 448 2729 dubii.

159 2855 212 2938 42.
262 2855 319 2920 Ex
334 2855 592 2938 superioritate
605 2855 794 2920 Ecclesiae
812 2859 850 2920 ei
878 2853 1056 2918 indirecta
1082 2855 1193 2918 socie-

82 2964 157 3028 tatis
173 2965 292 3030 civilis
310 2963 608 3028 subordinatione
628 2963 724 3027 omni
743 2967 1039 3046 argumentorum
1060 2979 1194 3043 genere

83 3071 307 3151 praecedenti
325 3071 479 3136 articulo
509 3072 749 3154 propugnatis
782 3047 940 3153 quinque
970 3070 1092 3152 magni
1122 3087 1193 3133 mo—

83 3181 181 3244 menti
198 3179 397 3244 corollaria
412 3179 573 3264 legitime
598 3184 783 3260 eruuntur,
805 3197 898 3261 quae
916 3178 1103 3243 recenseri
1135 3197 1193 3242 ne-

84 3288 269 3352 cessarium
287 3287 463 3368 ducimus,
480 3287 690 3370 priusquam
709 3289 788 3352 fuse
803 3289 1045 3370 exponantur.

159 3383 328 3459 Primum:
349 3395 624 3480 Praesereadam
640 3403 690 3460 eat
708 3397 831 3460 boaam
848 3395 1033 3478 spirituale
1066 3396 1102 3457 ia
1120 3415 1193 3458 coo·

81 3497 165 3578 [licio
195 3523 272 3566 cam
303 3503 498 3588 temporali,
535 3503 766 3586 quodcumqae
792 3503 895 3567 eliam
926 3502 1089 3566 dameam
1119 3502 1193 3565 aab·

83 3605 193 3670 suado.

162 3712 375 3778 Secundum:
387 3713 614 3780 Stalasliabet
630 3715 780 3801 officiam
793 3713 968 3780 Ecclesiae
979 3715 1194 3779 deserviendi

85 3817 116 3882 ia
130 3822 342 3904 accessoriis,
362 3843 403 3887 ac
411 3823 563 3906 proinde
577 3823 686 3887 eidem
701 3823 949 3906 suppeditandi
964 3823 1077 3887 cacalia
1091 3823 1194 3888 etiam

86 3929 288 4012 temporalia.

162 4034 332 4100 Tertium:
355 4036 582 4102 Obseruantia
599 4037 710 4122 leqam
727 4037 882 4100 ciciliam
900 4055 943 4100 ecc
954 4041 1060 4119 parte
1076 4035 1193 4100 Eccle-

87 4137 298 4208 siaemiaima
311 4141 447 4208 laedere
459 4149 574 4227 potest
587 4143 699 4227 ipsias
711 4141 1013 4226 iadepcadealiam
1029 4161 1070 4205 ao
1096 4161 1193 4230 sape-

88 4247 279 4316 riorilatcm.
