3030 4990
513 419 688 478 -157-

52 581 121 628 cum
134 563 215 645 jnra
232 565 268 627 et
285 562 419 644 officia,
438 566 546 646 prout
575 565 620 629 ab
639 563 789 630 exordio
815 567 962 631 nostrae
979 563 1156 648 discepta-

52 671 145 734 tionis
173 671 478 754 praemonuimus‚
499 673 707 738 correlative
732 673 815 753 sint,
832 673 890 752 ¹jus
920 673 1057 755 aliquid
1087 673 1158 736 exi-

52 777 147 858 gendi
170 780 377 844 necessario
401 779 625 862 respondere
643 779 751 844 debet
778 779 910 860 officio,
931 780 1026 862 quod
1053 780 1159 844 alteri

51 887 135 966 parti
151 886 336 966 incumbit,
351 886 440 951 illud
457 887 682 969 praestandi3
701 887 801 970 etqui
818 887 853 950 in
868 887 1030 970 qualibet
1047 887 1159 952 socie-

52 999 116 1057 tate
140 1012 206 1077 pro
234 1012 301 1058 sua
331 999 462 1060 natura
492 995 635 1076 singula
660 996 737 1076 ejus
767 995 929 1059 membra
955 995 1073 1059 officio
1100 995 1159 1059 ob·

52 1101 265 1182 stringuntur
283 1101 454 1166 tendendi
473 1101 517 1166 ad
543 1100 651 1164 finem
675 1101 846 1164 socialem
866 1101 992 1165 mediis
1011 1119 1159 1184 propor-

52 1209 199 1289 tionatis;
218 1215 256 1274 et
288 1208 432 1292 quidem
449 1210 562 1296 officio
579 1208 838 1293 obstrinpuutor
855 1209 915 1272 vel
944 1215 1074 1290 sponte
1106 1227 1160 1272 su·

52 1323 177 1398 scepto,
207 1335 288 1382 cum
318 1318 439 1399 agitur
468 1317 512 1381 de
544 1317 720 1380 societate
751 1316 1022 1381 voluntariaex
1053 1320 1161 1399 pacto

53 1425 202 1506 legitimo
221 1425 323 1507 inita,
345 1425 406 1489 vel
422 1428 523 1489 recte
535 1424 716 1506 imposito,
735 1425 765 1487 si
782 1441 899 1488 sermo
918 1425 965 1488 sit
982 1423 1025 1488 de
1050 1425 1162 1488 socie·

54 1537 116 1596 tate
142 1532 352 1597 necessaria
381 1549 426 1596 ex
451 1533 535 1614 jnro
553 1531 785 1614 praevalenti
814 1533 1023 1612 constituta
1054 1537 1163 1615 atque

54 1641 149 1704 etiam
178 1640 298 1704 officio
328 1640 604 1722 obstringuntur
622 1641 785 1705 tendendi
802 1640 849 1705 ad
873 1641 975 1726 finem
1003 1641 1164 1706 socialem

55 1749 163 1812 noctiis
188 1748 479 1832 proportionalis,
508 1746 642 1810 etenim
674 1747 764 1810 socii
797 1747 909 1810 semel
938 1747 1089 1830 obligati
1118 1747 1164 1812 ad

56 1853 334 1937 consequendum
353 1854 472 1935 finem,
493 1870 535 1916 eo
553 1854 631 1935 ipso
650 1853 801 1936 obligati
815 1859 1004 1918 remanent
1022 1852 1067 1917 ad
1082 1872 1163 1918 con·

55 1961 210 2026 ferendas
235 1980 320 2025 suas
349 1962 448 2026 vires
473 1962 667 2045 omniaque
696 1961 816 2026 media
834 1961 1051 2043 adhibenda,
1070 1981 1165 2045 quae

57 2069 93 2131 ad
114 2070 219 2134 finem
238 2069 384 2151 ducunt,
405 2087 509 2134 secus
529 2088 661 2152 magna
678 2076 892 2153 sequeretur
910 2070 1162 2152 contradictio;

56 2175 105 2240 lex
120 2179 213 2242 enim
231 2185 386 2242 naturae
402 2195 479 2242 rem
499 2196 585 2242 vere
604 2177 845 2260 imposibilem
872 2178 1048 2259 exigeret,
1068 2195 1164 2241 nem-

58 2302 103 2365 pe,
121 2287 351 2370 adeptionem
375 2286 457 2350 finis
483 2287 561 2350 sine
586 2285 713 2351 mediis
727 2287 1021 2366 congruentibus:
1041 2285 1163 2367 igitur,

57 2392 125 2456 siin
140 2396 235 2458 omni
253 2394 437 2458 hominurn
456 2395 740 2476 congregatione
757 2393 866 2458 sociis
895 2393 989 2457 inest
1008 2410 1098 2458 vera
1130 2397 1166 2456 et

59 2503 189 2582 proprie
208 2503 306 2566 dicta
331 2501 505 2584 obligatio
531 2502 649 2566 media
668 2502 714 2566 ad
739 2501 845 2565 finem
864 2501 1032 2566 ordinata
1051 2501 1165 2583 appli-

60 2609 161 2692 candi,
180 2611 340 2674 societas
364 2609 445 2692 ipsa
458 2611 517 2689 ,ius
532 2610 642 2675 habet
660 2609 830 2692 exigendi
850 2609 895 2673 ab
914 2610 1105 2674 associatis
1123 2627 1166 2672 ea

60 2717 175 2798 omnia,
202 2735 298 2800 quae
311 2717 520 2781 necessaria
538 2718 598 2782 vel
617 2718 719 2782 utilia
748 2717 1002 2782 existimantur
1028 2715 1074 2779 ad
1091 2715 1166 2798 ple-

60 2839 127 2888 nam
144 2831 179 2890 et
197 2830 312 2889 tutam
326 2825 407 2888 finis
425 2825 730 2890 consecutionem.

133 2933 356 3013 tinnovero,
376 2950 422 2997 ex
440 2931 508 2997 hac
527 2933 645 3014 prima
661 2932 790 3013 regula
807 2930 972 3014 generali
990 2934 1026 2994 et
1040 2929 1165 3012 juridi-

61 3054 94 3101 co
106 3042 260 3105 naturali
280 3041 463 3122 colligitur
478 3045 590 3104 totum
606 3047 769 3121 systema
782 3039 987 3121 potestatis,
1003 3056 1074 3120 qua
1090 3037 1165 3101 iuu-

62 3145 141 3224 gitur
168 3148 327 3212 societas
356 3148 521 3228 perfecte
551 3147 587 3210 in
612 3164 708 3226 suos,
729 3144 1020 3228 quandoquidem
1050 3162 1095 3209 ex
1123 3162 1167 3208 ea

61 3254 191 3331 profluit
207 3253 415 3337 adaequata
432 3252 562 3318 divisio
592 3254 783 3336 potestatis
813 3255 849 3317 in
867 3254 1057 3337 legiferum,
1068 3252 1166 3337 judi-

62 3359 194 3426 ciariam
210 3369 247 3426 et
264 3361 463 3443 coactivum,
483 3378 558 3441 seu,
578 3361 608 3423 si
622 3361 748 3424 melius
774 3361 906 3441 placet,
926 3363 1166 3424 consecutivam.

136 3467 180 3532 Et
197 3486 236 3532 re
254 3468 398 3551 quidem
417 3485 520 3550 vera,
536 3468 642 3549 juxta
671 3467 877 3549 praefatam
895 3467 1071 3549 regulam,
1091 3471 1168 3529 tota

63 3577 221 3656 potestas,
239 3593 334 3658 quae
352 3575 390 3640 vi
407 3592 495 3638 suae
512 3579 666 3638 naturae
683 3574 851 3638 societati
869 3575 1055 3656 perfectae
1074 3590 1166 3636 com·

63 3682 139 3758 petit
153 3683 190 3747 iu
202 3703 293 3764 suos,
310 3681 381 3746 sita
395 3682 499 3746 estin
509 3682 591 3763 jure
603 3680 774 3763 exigendi
787 3699 831 3744 ea
844 3681 978 3761 omnia,
997 3697 1090 3762 quae
1108 3695 1165 3742 ne·

64 3789 207 3853 cessaria
223 3789 285 3854 vel
303 3789 405 3853 utilia
424 3795 597 3871 putantur
626 3787 672 3851 ad
691 3787 798 3852 finem
819 3788 924 3870 pleno
955 3788 1168 3869 integreque

65 3893 294 3978 obtinendum3
314 3913 382 3978 age
395 3896 484 3978 jam,
504 3895 550 3960 ad
577 3895 722 3978 plenam
738 3902 775 3959 et
791 3896 970 3978 integram
989 3895 1069 3958 finis
1087 3895 1168 3958 ade-

65 4002 208 4079 ptionem
236 4005 308 4069 tria
335 4004 425 4069 haec
456 4008 596 4068 tantum
625 4004 871 4087 requiruntur:
900 4001 950 4067 1.ο
971 4003 1168 4087 propositio

67 4108 254 4196 obligatorio
271 4110 482 4192 niediorum,
499 4128 592 4194 quae
610 4111 645 4174 in
659 4111 766 4174 finem
779 4110 995 4193 perducunt;
1011 4107 1062 4173 2.⁰
1075 4117 1169 4174 recta

68 4221 238 4302 applicatio
264 4221 483 4303 eorumdem,
503 4221 572 4286 hoo
600 4225 667 4302 est,
694 4237 778 4284 usus
807 4221 917 4302 atque
941 4218 1072 4301 positio
1098 4235 1166 4282 me·

70 4319 188 4394 diorum
216 4331 324 4412 juxte
352 4346 433 4394 eum
463 4327 606 4393 modum
636 4345 680 4392 ac
709 4345 866 4410 sensum,
886 4345 955 4410 quo
981 4327 1169 4410 proposita
