3120 4988
574 403 730 461 ...73-

100 553 173 612 runt
197 549 315 630 Reges
329 547 376 612 ad
389 547 648 613 moderandum
666 547 823 632 positive
840 547 986 630 cultum,
1003 549 1085 629 post
1114 544 1212 612 Obri-

98 655 137 718 sti
153 655 347 722 adventum
366 656 577 737 amiserunt,
612 671 693 720 cum
726 654 881 719 nobilior
899 656 1061 737 potestas
1090 671 1111 718 a
1135 653 1212 718 Deo

100 763 254 828 instituta
271 764 330 846 sit,
344 767 559 828 remanente
576 761 823 828 tantummodo
840 761 912 826 illis
930 761 1141 826 defensione
1156 779 1213 826 ar·

101 878 201 952 mata,
216 889 310 954 quae
326 871 415 954 ipsis
433 871 470 935 in
486 871 635 954 proprio
649 869 832 935 territorio
847 870 1032 954 competit.

177 974 319 1059 Objeet.
330 977 482 1044 4.⁸Purs
496 995 560 1043 suo
575 978 641 1042 toti
654 977 883 1042 subordinari
896 977 1016 1060 debet,
1032 981 1215 1059 tamquam

100 1084 229 1168 maJori,
248 1086 379 1150 saltem
395 1086 587 1166 indirecte;
607 1085 708 1170 etqui
726 1084 904 1167 Ecclesia,
936 1084 1065 1150 saltem
1098 1082 1215 1148 distri·

98 1193 211 1257 butive
228 1197 384 1276 sumpta,
405 1199 460 1258 est
474 1211 560 1276 pars
574 1192 758 1256 societatis
773 1192 905 1274 civilis;
921 1192 1031 1276 igitur
1065 1191 1134 1274 ipsi
1159 1209 1214 1255 su·

99 1301 192 1364 besse
208 1317 360 1365 necesse
377 1305 444 1365 est.

178 1405 395 1491 RespDist.
415 1408 515 1490 maj.:
549 1427 614 1474 suo
642 1408 710 1473 toti
742 1406 973 1473 subordinari
997 1405 1104 1470 debet
1129 1422 1215 1489 pars
1319 1419 1320 1422 ’

100 1513 263 1598 formalis,
281 1537 391 1599 cano,
407 1515 621 1599 materialis,
636 1518 797 1598 subdint.;
809 1517 839 1581 si
849 1515 1019 1580 totumsit
1032 1513 1215 1578 excellen-

100 1621 189 1686 tioris
206 1623 355 1705 ordinis,
390 1644 497 1705 conc,
517 1623 714 1706 inferioris,
733 1641 828 1710 nepo;
848 1621 1050 1688 formaliter
1068 1637 1148 1685 esse
1165 1620 1216 1684 in-

101 1729 212 1813 aliqua
240 1732 418 1796 societate
453 1731 634 1814 significat
671 1749 751 1796 esse
781 1737 921 1815 partem
950 1731 1213 1812 homogeneam

102 1837 262 1920 ejusdem,
278 1839 392 1920 idest,
409 1839 551 1904 ratione
565 1839 822 1922 finisproximi;
841 1836 1216 1903 materialiteressoin

103 1943 165 2008 alia
188 1945 282 2010 idem
313 1951 368 2010 est
386 1963 430 2010 ac
448 1963 527 2010 esse
545 1947 581 2010 in
599 1947 768 2011 membris
786 1949 823 2010 ot
850 1944 1033 2010 territorio
1051 1944 1214 2008 alterius.

169 2050 334 2118 Ecclesia
350 2059 485 2135 autem,
501 2053 629 2118 saltem
648 2053 867 2118 distributim
881 2056 1037 2135 sumpta,
1056 2057 1110 2116 est
1129 2068 1215 2133 pars

103 2158 273 2224 societatis
291 2161 424 2243 civilis,
439 2181 522 2248 nepo
536 2161 636 2226 min:
673 2162 725 2226 1.⁰
754 2161 839 2244 quia
870 2159 1036 2224 Ecclesia
1070 2159 1212 2224 censeri
1320 2241 1326 2255 ,

104 2266 213 2346 nequit
230 2269 315 2349 pars
332 2268 496 2334 formalis
513 2267 762 2350 Reipublicae,
781 2287 862 2334 cum
882 2268 960 2348 ejus
975 2267 1055 2330 finis
1088 2267 1135 2330 sit
1164 2265 1214 2329 di-

105 2387 218 2437 uersus
237 2392 280 2438 ac
297 2375 570 2456 nobillissimus,
592 2383 716 2457 utpote
736 2375 937 2458 spiritualis
950 2383 986 2438 et
1003 2379 1215 2456 supernatu-

105 2479 299 2562 ralis,sicut
314 2481 532 2564 Respublica
550 2500 622 2546 non
653 2490 708 2546 est
742 2482 946 2547 formaliter
971 2482 1007 2545 in
1036 2480 1214 2562 Ecclesia,

106 2585 270 2667 nimirum,
288 2589 431 2654 ratione
450 2590 530 2654 finis
546 2591 714 2673 proximi,
735 2591 822 2654 licet
839 2590 980 2653 ratione
1005 2588 1085 2652 finis
1101 2588 1216 2652 ultimi

106 2691 134 2754 in
145 2692 304 2760 Ecclesia
321 2695 513 2780 habeatur,
529 2697 635 2779 eique
653 2697 700 2762 sit
718 2696 971 2776 subordinata;
987 2695 1038 2759 2⁰
1053 2695 1138 2778 quia
1153 2693 1215 2758 Ec·

107 2801 216 2885 clesia,
236 2821 317 2870 cum
331 2805 376 2869 de
393 2806 471 2887 ejus
489 2814 620 2870 natura
640 2823 683 2870 ac
698 2805 841 2887 juribus
859 2805 991 2886 agitur,
1012 2821 1082 2867 nou
1096 2807 1217 2885 potest

107 2907 321 2977 distributive
346 2914 437 2977 sumi
455 2922 492 2978 et
509 2913 612 2980 velut
644 2931 731 2997 pars
766 2913 952 2978 societatis
985 2911 1104 2975 civilis
1137 2928 1215 2993 spe-

108 3019 198 3101 ctari,
231 3020 364 3084 etenim
381 3027 468 3084 tunc
485 3025 726 3103 exsurgerent
744 3024 797 3084 tot
829 3021 906 3084 iere
936 3035 1105 3102 corpora,
1125 3019 1213 3100 quot

109 3130 179 3189 sunt
192 3143 304 3210 regna
317 3127 378 3191 vel
402 3133 519 3192 status
548 3128 585 3191 in
603 3129 731 3212 quibus
749 3127 829 3209 ipsa
848 3127 952 3208 vivit,
973 3125 1069 3209 quod
1088 3134 1215 3208 aperte

109 3243 272 3316 repugnat
284 3235 535 3299 constitutioni
549 3235 734 3299 societatis
753 3232 987 3316 christianae,
1007 3250 1101 3315 quae
1119 3234 1216 3316 equi-

110 3335 178 3404 dem
192 3359 261 3407 una
278 3347 333 3407 est
351 3360 423 3407 non
440 3342 545 3407 modo
564 3343 704 3407 unitate
722 3343 805 3406 fidei
820 3346 856 3406 et
869 3341 1074 3424 charitatis,
1089 3359 1217 3406 verum

110 3447 203 3514 ctiam
215 3451 353 3515 unitate
365 3450 446 3514 flnis
459 3454 569 3534 atque
580 3451 767 3534 regiminis
781 3451 846 3514 sub
860 3451 1041 3514 communi
1056 3449 1214 3513 omnium

111 3556 214 3636 capite
230 3558 390 3623 Romano
407 3557 594 3642 Pontifice,
613 3558 778 3642 adeoque
792 3575 863 3622 una
882 3557 1019 3621 unitate
1038 3555 1214 3638 corporis,

111 3665 143 3722 ut
156 3665 242 3730 enim
258 3666 426 3748 apposite
445 3665 497 3730 ait
521 3665 555 3730 S.
575 3664 793 3748 Cyprianus:
824 3667 931 3730 Nemo
957 3666 1217 3751 fraternitatem

112 3774 268 3840 treudacio
282 3775 403 3860 sallat,
422 3796 519 3840 nemo
532 3775 615 3861 fidei
633 3775 810 3839 veritatem
823 3773 961 3858 perfida
989 3773 1216 3857 praeuarica-

113 3875 187 3946 tione
208 3890 418 3968 corrumpat.
433 3881 667 3967 Episcopatus
684 3903 773 3947 arans
796 3889 855 3964 est,
874 3883 973 3967 cujus
987 3902 1008 3946 a
1021 3881 1168 3966 singuiis
1181 3881 1217 3943 in

112 3985 241 4055 solidum
247 4011 338 4076 pars
349 3998 491 4056 tenetur.
505 3977 665 4055 Ecclesia
679 4011 809 4075 qnoque
821 4011 890 4054 una
904 3996 963 4070 est,
981 4010 1068 4073 puae
1081 3989 1117 4053 in
1132 3988 1216 4052 mul·

114 4091 274 4164 titudinem
300 4099 409 4165 latins
432 4099 641 4164 incremento
655 4098 908 4184 foecunditatis
937 4097 1136 4162 extenditur
1153 4095 1213 4178 (1).

114 4200 276 4221 Ἣ--Ἇ-

170 4328 204 4394 (1)
241 4327 283 4384 Dc
296 4329 409 4384 Unitnte
419 4327 566 4385 Ecclesiae.
