3034 4990
798 405 978 465 ..356-

327 551 484 618 ministri
508 555 570 616 aut
585 549 717 616 vicarii
744 549 896 616 Romani
920 549 1112 615 Pontifices
1141 554 1276 616 essent:
1294 567 1440 634 quapro-

328 661 411 741 pter
424 657 470 722 ad
484 673 625 722 omnem
637 656 900 737 confusionem,
911 657 1251 740 aequivocationem
1263 657 1324 721 vel
1338 674 1437 739 exag-

328 765 566 848 gerationem,
579 781 627 829 ex
639 763 749 830 nimio
764 764 843 830 zelo
859 768 896 828 et
908 763 1004 830 bona
1017 763 1088 830 lide
1100 764 1257 830 fortasse
1270 769 1439 842 exortam,

328 871 541 952 tollendam,
559 871 649 936 libet
665 869 757 936 haee
774 869 1082 936 animadvertere:

419 979 467 1044 1.⁰
513 977 625 1044 Error
641 981 738 1042 esset
754 977 906 1042 credere
918 981 982 1042 aut
998 977 1130 1043 docere
1147 975 1347 1059 Episcopos
1372 991 1438 1040 non

327 1085 465 1150 habere
481 1088 700 1166 potestatem
717 1083 941 1148 ordinariam
959 1089 997 1148 et
1010 1082 1208 1166 propriam,
1227 1081 1293 1148 sed
1309 1085 1438 1146 tantum

329 1191 537 1272 delegatam
564 1189 763 1256 aRomano
792 1189 979 1274 Pontifloe,
994 1191 1047 1255 uti
1064 1191 1104 1254 flt
1121 1189 1158 1254 in
1174 1189 1330 1254 Vicariis
1352 1189 1439 1270 Apo·

328 1297 480 1363 stolicis.
1511 1335 1512 1404 p

417 1403 469 1468 25³
516 1401 628 1468 Error
644 1405 742 1468 esset
758 1402 905 1467 tradere
918 1408 981 1467 aut
994 1402 1158 1485 profiteri
1170 1401 1367 1486 Episcopos
1382 1419 1440 1484 po·
1511 1405 1512 1488 l

328 1516 462 1578 testate
480 1509 666 1575 ordinaria
681 1510 753 1574 frui
765 1527 892 1575 verum
907 1525 988 1574 eam
1005 1527 1078 1576 non
1090 1510 1206 1575 solum
1223 1525 1304 1575 esse
1317 1509 1438 1592 depen·

328 1617 474 1682 dentem
491 1623 602 1700 atque
626 1617 854 1682 limitabilem
871 1635 892 1680 a
909 1615 1053 1682 Summo
1078 1616 1255 1698 Pontifici,
1276 1616 1368 1699 quod
1392 1616 1437 1680 di·
1511 1601 1512 1692 g

327 1723 440 1788 vinae
456 1722 686 1804 institutioni,
705 1725 831 1787 rectae
844 1723 977 1787 rationi
994 1727 1032 1786 et
1044 1721 1233 1788 doetrinae
1245 1722 1441 1787 catholicae
1511 1765 1512 1772 κ

329 1827 439 1895 valde
456 1833 741 1893 consentaneum
768 1833 929 1911 putatur,
959 1828 1023 1893 sed
1052 1828 1164 1893 etiam
1195 1827 1249 1892 ita
1277 1826 1439 1908 restringi

328 1951 449 2017 posse,
468 1939 506 1998 ut
523 1935 600 1999 iere
616 1941 817 2000 evanescat
834 1935 894 2002 vel
910 1935 1048 2000 inutilis
1065 1935 1101 1999 in
1118 1934 1282 2000 Ecclesia
1298 1935 1439 2017 evadat,

329 2043 393 2106 aut
405 2057 554 2122 prorsus
566 2041 732 2106 illusoria
745 2041 919 2106 reddatur
936 2039 1071 2105 Christi
1084 2040 1277 2107 institutio.

418 2145 470 2212 3.⁰
516 2147 629 2214 Error
644 2153 741 2213 esset
757 2165 974 2214 asseverare
990 2147 1143 2230 gradum
1160 2147 1437 2232 Episcopalema

328 2253 490 2319 Romano
516 2255 691 2321 Pontiflce
716 2255 846 2322 aboliri
877 2273 997 2339 posse,
1016 2255 1298 2338 universamque
1325 2254 1437 2320 Eccle-

328 2361 419 2425 siam
433 2361 630 2442 gubernari
643 2379 709 2445 per
722 2379 841 2427 meros
854 2361 1020 2426 Vioarios
1034 2363 1251 2427 charactere
1262 2363 1438 2445 episcopa-

328 2466 355 2531 li
366 2466 426 2531 vel
437 2467 681 2549 presbyterali
693 2469 897 2552 insignitum
912 2469 998 2534 licet
1010 2469 1106 2534 enim
1116 2469 1252 2552 gradus
1262 2470 1438 2553 episcopa·

327 2571 373 2636 lis
391 2572 438 2636 sit
454 2573 677 2655 dependens,
696 2575 783 2658 quia
796 2580 959 2657 potestas
975 2575 1240 2659 Episcoporum
1252 2575 1346 2640 iutra
1358 2575 1438 2639 lines

329 2677 556 2745 Dioeoeseon
588 2681 818 2747 contineatur
850 2687 887 2747 et
920 2682 1065 2748 Summo
1097 2682 1264 2748 Pontifici
1293 2682 1437 2748 obnoxia

329 2786 477 2868 existat,
492 2791 529 2852 et
545 2786 692 2853 aliunde
709 2788 768 2854 hic
784 2789 951 2854 Viearios
967 2805 1095 2854 creare
1107 2789 1224 2873 possit
1243 2797 1317 2854 tum
1327 2789 1362 2854 in
1377 2787 1436 2852 Eo-

328 2893 450 2958 clesiis
467 2895 742 2977 constituendis,
758 2901 833 2961 tum
850 2895 887 2959 in
905 2896 1123 2978 constitutis,
1139 2901 1262 2962 tamen
1279 2897 1349 2962 tria
1370 2913 1438 2960 oer-

329 3003 368 3062 ta
384 3004 494 3082 atque
507 3001 725 3066 inconcussa
741 3003 778 3066 in
795 3003 1010 3085 quaestione
1027 3003 1120 3067 tanti
1137 3003 1310 3068 momenti
1325 3007 1437 3068 tenen·
1512 3013 1513 3080 l

329 3103 376 3168 da
392 3109 487 3187 sunt,
501 3107 687 3173 videlicet:
706 3108 734 3189 ¹)
752 3108 957 3174 Ecclesiam
990 3127 1036 3174 ex
1068 3109 1195 3175 divina
1221 3109 1439 3176 ordinatione
1512 3089 1513 3176 f

328 3227 395 3293 per
408 3211 607 3297 Episcopos
620 3215 841 3298 regulariter
859 3221 895 3279 et
911 3223 1087 3298 perpetuo
1101 3233 1182 3281 esse
1194 3217 1400 3300 regendam3
1415 3213 1438 3294 ¹³)
1512 3241 1513 3258 ¹

329 3317 530 3402 Episcopus
541 3317 705 3403 portioni
722 3323 845 3405 gregis
860 3322 1049 3388 christiani
1062 3323 1131 3388 sibi
1147 3323 1355 3406 assignatae
1382 3339 1434 3386 uo
1512 3317 1513 3326 ’

328 3425 425 3490 mine
441 3427 590 3508 proprio
607 3427 758 3509 praefici
775 3433 961 3512 tamquam
990 3445 1098 3495 veros
1126 3428 1297 3496 Pastores
1324 3429 1437 3494 Recto·

327 3547 460 3610 resque
473 3549 619 3598 suarum
633 3534 768 3616 ovium3
787 3537 812 3614 ο)
822 3535 921 3619 ipsos
935 3535 1365 3619 demumrepraesentare
1375 3551 1437 3600 non

327 3635 540 3702 Pontificem
557 3654 620 3704 eos
636 3638 880 3724 delegantem,
901 3641 965 3706 sed
989 3639 1142 3724 gradum
1158 3641 1438 3727 Episcopelema

327 3741 471 3810 Christo
488 3743 643 3811 Domino
662 3746 878 3813 institutum:
897 3748 982 3814 hinc
998 3748 1209 3815 defensores
1241 3749 1438 3816 contrariae

327 3849 517 3916 doctrinae
548 3853 804 3937 uluopapistcr
820 3871 884 3920 seu
898 3855 1140 3922 moluaioirtos
1152 3855 1209 3921 ias
1221 3862 1280 3922 est
1291 3853 1436 3923 denomi-

327 3973 430 4038 nare,
456 3959 542 4041 quia
565 3958 732 4026 Pontifici
758 3962 844 4048 plur
872 3964 1065 4044 potestatis
1092 3963 1306 4047 attribuunt,
1341 3977 1437 4047 quam

327 4058 492 4129 Christus
503 4065 678 4132 Dominus
689 4066 1076 4136 PetriSucoessoribus
1094 4071 1258 4152 contulit,
1270 4071 1437 4153 simulque

327 4172 458 4234 contra
474 4170 599 4238 Divini
615 4173 837 4240 Institutoris
851 4177 1077 4242 voluntatem
1092 4178 1129 4242 in
1141 4193 1313 4262 supremo
1327 4176 1437 4244 Eccle-

325 4273 405 4340 siae
421 4275 598 4360 regimine
614 4279 862 4348 monarchiam
878 4283 1091 4352 ecolosinam
1104 4283 1292 4351 inducunt
