<?xml version="1.0" encoding="UTF-8"?>
<!DOCTYPE html PUBLIC "-//W3C//DTD XHTML 1.0 Transitional//EN"
    "http://www.w3.org/TR/xhtml1/DTD/xhtml1-transitional.dtd">
<html xmlns="http://www.w3.org/1999/xhtml" xml:lang="en" lang="en">
 <head>
  <title>
</title>
<meta http-equiv="Content-Type" content="text/html;charset=utf-8" />
  <meta name='ocr-system' content='tesseract 3.04.00' />
  <meta name='ocr-capabilities' content='ocr_page ocr_carea ocr_par ocr_line ocrx_word'/>
</head>
<body>
  <div class='ocr_page' id='page_1' title='image "./juspublicumeccl01ferngoog_0433.png"; bbox 0 0 3146 4980; ppageno 0'>
   <div class='ocr_carea' id='block_1_1' title="bbox 743 329 924 444">
    <p class='ocr_par' dir='ltr' id='par_1_1' title="bbox 743 329 924 444">
     <span class='ocr_line' id='line_1_1' title="bbox 743 329 924 444; baseline 0.011 -1"><span class='ocrx_word' id='word_1_1' title='bbox 743 329 924 444; x_wconf 71' lang='lat' dir='ltr'><strong>-4&#39;n-</strong></span> 
     </span>
    </p>
   </div>
   <div class='ocr_carea' id='block_1_2' title="bbox 271 530 1431 3909">
    <p class='ocr_par' dir='ltr' id='par_1_2' title="bbox 271 530 1431 725">
     <span class='ocr_line' id='line_1_2' title="bbox 271 530 1431 615; baseline -0.005 -17"><span class='ocrx_word' id='word_1_2' title='bbox 271 539 355 613; x_wconf 84' lang='lat' dir='ltr'><strong>stus,</strong></span> <span class='ocrx_word' id='word_1_3' title='bbox 385 551 468 614; x_wconf 82' lang='lat' dir='ltr'><strong>quos</strong></span> <span class='ocrx_word' id='word_1_4' title='bbox 497 530 701 615; x_wconf 77' lang='lat' dir='ltr'><strong>obsequendi</strong></span> <span class='ocrx_word' id='word_1_5' title='bbox 734 537 848 596; x_wconf 84' lang='lat' dir='ltr'><strong>maaet</strong></span> <span class='ocrx_word' id='word_1_6' title='bbox 875 531 1070 611; x_wconf 80' lang='lat' dir='ltr'><strong>necessitas,</strong></span> <span class='ocrx_word' id='word_1_7' title='bbox 1103 551 1172 595; x_wconf 82' lang='lat' dir='ltr'><strong>non</strong></span> <span class='ocrx_word' id='word_1_8' title='bbox 1204 532 1431 596; x_wconf 71' lang='lat' dir='ltr'><strong><em>auctoritas</em></strong></span> 
     </span>
     <span class='ocr_line' id='line_1_3' title="bbox 273 638 549 725; baseline -0.014 -21"><span class='ocrx_word' id='word_1_9' title='bbox 273 638 499 725; x_wconf 78' lang='lat' dir='ltr'><strong>imperandi(</strong></span> <span class='ocrx_word' id='word_1_10' title='bbox 525 639 549 714; x_wconf 92' lang='lat'><strong>).</strong></span> 
     </span>
    </p>

    <p class='ocr_par' dir='ltr' id='par_1_3' title="bbox 273 741 1426 1145">
     <span class='ocr_line' id='line_1_4' title="bbox 362 741 1426 826; baseline -0.003 -18"><span class='ocrx_word' id='word_1_11' title='bbox 362 743 528 826; x_wconf 87' lang='lat' dir='ltr'><strong>Denique</strong></span> <span class='ocrx_word' id='word_1_12' title='bbox 556 759 669 825; x_wconf 89' lang='lat' dir='ltr'><strong>nsque</strong></span> <span class='ocrx_word' id='word_1_13' title='bbox 693 743 830 806; x_wconf 82' lang='lat' dir='ltr'><strong>centies</strong></span> <span class='ocrx_word' id='word_1_14' title='bbox 863 742 1051 806; x_wconf 83' lang='lat' dir='ltr'><strong>retulimus</strong></span> <span class='ocrx_word' id='word_1_15' title='bbox 1075 742 1255 806; x_wconf 89' lang='lat' dir='ltr'><strong>Joannem</strong></span> <span class='ocrx_word' id='word_1_16' title='bbox 1289 741 1426 806; x_wconf 82' lang='lat' dir='ltr'>XXII</span> 
     </span>
     <span class='ocr_line' id='line_1_5' title="bbox 273 847 1421 914; baseline -0.002 0"><span class='ocrx_word' id='word_1_17' title='bbox 273 849 466 914; x_wconf 83' lang='lat' dir='ltr'><strong>damnasse</strong></span> <span class='ocrx_word' id='word_1_18' title='bbox 485 853 522 912; x_wconf 90' lang='lat' dir='ltr'><strong>ut</strong></span> <span class='ocrx_word' id='word_1_19' title='bbox 534 849 757 913; x_wconf 86' lang='lat' dir='ltr'><strong>haereticam</strong></span> <span class='ocrx_word' id='word_1_20' title='bbox 776 847 979 912; x_wconf 82' lang='lat' dir='ltr'><strong>doctrinam</strong></span> <span class='ocrx_word' id='word_1_21' title='bbox 1005 847 1159 912; x_wconf 87' lang='lat' dir='ltr'><strong>Marsilii</strong></span> <span class='ocrx_word' id='word_1_22' title='bbox 1178 847 1345 912; x_wconf 80' lang='lat' dir='ltr'><strong>Patavini</strong></span> <span class='ocrx_word' id='word_1_23' title='bbox 1361 849 1421 912; x_wconf 85' lang='lat' dir='ltr'><strong>iu</strong></span> 
     </span>
     <span class='ocr_line' id='line_1_6' title="bbox 274 953 1418 1036; baseline -0.003 -14"><span class='ocrx_word' id='word_1_24' title='bbox 274 955 398 1022; x_wconf 81' lang='lat' dir='ltr'><strong>Const.</strong></span> <span class='ocrx_word' id='word_1_25' title='bbox 415 955 520 1034; x_wconf 66' lang='lat' dir='ltr'><strong>Licea</strong></span> <span class='ocrx_word' id='word_1_26' title='bbox 534 955 692 1036; x_wconf 90' lang='lat' dir='ltr'><strong>itemque</strong></span> <span class='ocrx_word' id='word_1_27' title='bbox 703 953 804 1018; x_wconf 89' lang='lat' dir='ltr'><strong>Pium</strong></span> <span class='ocrx_word' id='word_1_28' title='bbox 824 953 872 1018; x_wconf 93' lang='lat' dir='ltr'><strong>VI</strong></span> <span class='ocrx_word' id='word_1_29' title='bbox 892 971 1035 1018; x_wconf 84' lang='lat' dir='ltr'><strong>errores</strong></span> <span class='ocrx_word' id='word_1_30' title='bbox 1052 953 1189 1035; x_wconf 85' lang='lat' dir='ltr'><strong>Synodi</strong></span> <span class='ocrx_word' id='word_1_31' title='bbox 1203 954 1418 1018; x_wconf 83' lang='lat' dir='ltr'><strong>Pistorien-</strong></span> 
     </span>
     <span class='ocr_line' id='line_1_7' title="bbox 275 1058 1316 1145; baseline -0.004 -19"><span class='ocrx_word' id='word_1_32' title='bbox 275 1063 306 1127; x_wconf 95' lang='lat' dir='ltr'><strong>si</strong></span> <span class='ocrx_word' id='word_1_33' title='bbox 320 1061 581 1145; x_wconf 82' lang='lat' dir='ltr'><strong>proscripsisse</strong></span> <span class='ocrx_word' id='word_1_34' title='bbox 597 1060 634 1123; x_wconf 91' lang='lat' dir='ltr'><strong>in</strong></span> <span class='ocrx_word' id='word_1_35' title='bbox 651 1059 889 1124; x_wconf 85' lang='lat' dir='ltr'><strong>celeberrima</strong></span> <span class='ocrx_word' id='word_1_36' title='bbox 905 1059 1011 1124; x_wconf 87' lang='lat' dir='ltr'><strong>Bulla</strong></span> <span class='ocrx_word' id='word_1_37' title='bbox 1026 1058 1210 1124; x_wconf 84' lang='lat' dir='ltr'><strong>Auctorem</strong></span> <span class='ocrx_word' id='word_1_38' title='bbox 1223 1059 1316 1123; x_wconf 88' lang='lat' dir='ltr'><strong>fidei.</strong></span> 
     </span>
    </p>

    <p class='ocr_par' dir='ltr' id='par_1_4' title="bbox 271 1167 1416 2739">
     <span class='ocr_line' id='line_1_8' title="bbox 364 1167 1416 1250; baseline 0 -20"><span class='ocrx_word' id='word_1_39' title='bbox 364 1167 416 1230; x_wconf 87' lang='lat'><strong>3.⁰</strong></span> <span class='ocrx_word' id='word_1_40' title='bbox 464 1167 650 1232; x_wconf 83' lang='lat' dir='ltr'><strong>Ecclesiae</strong></span> <span class='ocrx_word' id='word_1_41' title='bbox 668 1168 778 1232; x_wconf 81' lang='lat' dir='ltr'><strong>etium</strong></span> <span class='ocrx_word' id='word_1_42' title='bbox 796 1167 925 1232; x_wconf 87' lang='lat' dir='ltr'><strong>Patres</strong></span> <span class='ocrx_word' id='word_1_43' title='bbox 944 1167 1049 1231; x_wconf 87' lang='lat' dir='ltr'><strong>dictis</strong></span> <span class='ocrx_word' id='word_1_44' title='bbox 1067 1167 1127 1231; x_wconf 91' lang='lat' dir='ltr'><strong>vel</strong></span> <span class='ocrx_word' id='word_1_45' title='bbox 1146 1167 1265 1248; x_wconf 89' lang='lat' dir='ltr'><strong>iactis,</strong></span> <span class='ocrx_word' id='word_1_46' title='bbox 1284 1167 1416 1250; x_wconf 85' lang='lat' dir='ltr'><strong>expli·</strong></span> 
     </span>
     <span class='ocr_line' id='line_1_9' title="bbox 275 1273 1413 1356; baseline -0.001 -17"><span class='ocrx_word' id='word_1_47' title='bbox 275 1275 356 1339; x_wconf 86' lang='lat' dir='ltr'><strong>citis</strong></span> <span class='ocrx_word' id='word_1_48' title='bbox 375 1275 589 1338; x_wconf 85' lang='lat' dir='ltr'><strong>testimoniis</strong></span> <span class='ocrx_word' id='word_1_49' title='bbox 606 1274 667 1338; x_wconf 86' lang='lat' dir='ltr'><strong>vel</strong></span> <span class='ocrx_word' id='word_1_50' title='bbox 699 1292 766 1339; x_wconf 88' lang='lat' dir='ltr'><strong>sna</strong></span> <span class='ocrx_word' id='word_1_51' title='bbox 799 1273 931 1356; x_wconf 80' lang='lat' dir='ltr'><strong>agendi</strong></span> <span class='ocrx_word' id='word_1_52' title='bbox 961 1275 1116 1352; x_wconf 87' lang='lat' dir='ltr'><strong>ratione,</strong></span> <span class='ocrx_word' id='word_1_53' title='bbox 1142 1274 1413 1338; x_wconf 85' lang='lat' dir='ltr'><strong>necessitatem</strong></span> 
     </span>
     <span class='ocr_line' id='line_1_10' title="bbox 277 1379 1410 1462; baseline -0.002 -16"><span class='ocrx_word' id='word_1_54' title='bbox 277 1381 476 1446; x_wconf 82' lang='lat' dir='ltr'><strong>infitiantur</strong></span> <span class='ocrx_word' id='word_1_55' title='bbox 494 1397 690 1445; x_wconf 83' lang='lat' dir='ltr'><strong>concursus</strong></span> <span class='ocrx_word' id='word_1_56' title='bbox 710 1380 899 1461; x_wconf 90' lang='lat' dir='ltr'><strong>popularis</strong></span> <span class='ocrx_word' id='word_1_57' title='bbox 917 1383 982 1444; x_wconf 83' lang='lat' dir='ltr'><strong>aut</strong></span> <span class='ocrx_word' id='word_1_58' title='bbox 994 1379 1142 1462; x_wconf 85' lang='lat' dir='ltr'><strong>juridici</strong></span> <span class='ocrx_word' id='word_1_59' title='bbox 1173 1381 1290 1462; x_wconf 87' lang='lat' dir='ltr'><strong>plebis</strong></span> <span class='ocrx_word' id='word_1_60' title='bbox 1315 1397 1410 1444; x_wconf 90' lang='lat' dir='ltr'><strong>con-</strong></span> 
     </span>
     <span class='ocr_line' id='line_1_11' title="bbox 275 1483 1407 1570; baseline -0.003 -17"><span class='ocrx_word' id='word_1_61' title='bbox 275 1506 404 1553; x_wconf 84' lang='lat' dir='ltr'><strong>sensus</strong></span> <span class='ocrx_word' id='word_1_62' title='bbox 422 1506 486 1570; x_wconf 88' lang='lat' dir='ltr'><strong>pro</strong></span> <span class='ocrx_word' id='word_1_63' title='bbox 501 1488 678 1552; x_wconf 87' lang='lat' dir='ltr'><strong>electione</strong></span> <span class='ocrx_word' id='word_1_64' title='bbox 696 1487 955 1550; x_wconf 89' lang='lat' dir='ltr'><strong>Ministrorum:</strong></span> <span class='ocrx_word' id='word_1_65' title='bbox 972 1491 1008 1551; x_wconf 89' lang='lat' dir='ltr'><strong>et</strong></span> <span class='ocrx_word' id='word_1_66' title='bbox 1025 1504 1131 1566; x_wconf 87' lang='lat' dir='ltr'><strong>sane,</strong></span> <span class='ocrx_word' id='word_1_67' title='bbox 1161 1487 1239 1568; x_wconf 89' lang='lat' dir='ltr'><strong>ipse</strong></span> <span class='ocrx_word' id='word_1_68' title='bbox 1262 1485 1298 1550; x_wconf 84' lang='lat' dir='ltr'><strong>S.</strong></span> <span class='ocrx_word' id='word_1_69' title='bbox 1333 1483 1407 1567; x_wconf 64' lang='grc' dir='ltr'><strong>Ο]-</strong></span> 
     </span>
     <span class='ocr_line' id='line_1_12' title="bbox 277 1591 1407 1678; baseline -0.003 -20"><span class='ocrx_word' id='word_1_70' title='bbox 277 1595 438 1678; x_wconf 85' lang='lat' dir='ltr'><strong>prianus,</strong></span> <span class='ocrx_word' id='word_1_71' title='bbox 457 1594 515 1658; x_wconf 88' lang='lat' dir='ltr'><strong>cui</strong></span> <span class='ocrx_word' id='word_1_72' title='bbox 529 1593 596 1657; x_wconf 86' lang='lat' dir='ltr'><strong>init</strong></span> <span class='ocrx_word' id='word_1_73' title='bbox 613 1593 810 1674; x_wconf 86' lang='lat' dir='ltr'><strong>singularis</strong></span> <span class='ocrx_word' id='word_1_74' title='bbox 829 1591 1054 1658; x_wconf 87' lang='lat' dir='ltr'><strong>consuetudo</strong></span> <span class='ocrx_word' id='word_1_75' title='bbox 1068 1610 1112 1656; x_wconf 86' lang='lat' dir='ltr'><strong>ac</strong></span> <span class='ocrx_word' id='word_1_76' title='bbox 1126 1593 1329 1675; x_wconf 79' lang='lat' dir='ltr'><strong>persuasio,</strong></span> <span class='ocrx_word' id='word_1_77' title='bbox 1361 1595 1407 1656; x_wconf 88' lang='lat' dir='ltr'><strong>ut</strong></span> 
     </span>
     <span class='ocr_line' id='line_1_13' title="bbox 276 1699 1403 1783; baseline -0.005 -17"><span class='ocrx_word' id='word_1_78' title='bbox 276 1721 322 1766; x_wconf 87' lang='lat' dir='ltr'><strong>ex</strong></span> <span class='ocrx_word' id='word_1_79' title='bbox 340 1702 731 1783; x_wconf 82' lang='lat' dir='ltr'><strong>ejnsscriptisernitur</strong></span> <span class='ocrx_word' id='word_1_80' title='bbox 762 1699 822 1781; x_wconf 80' lang='lat'><strong>(2),</strong></span> <span class='ocrx_word' id='word_1_81' title='bbox 853 1699 1004 1780; x_wconf 87' lang='lat' dir='ltr'><strong>negotia</strong></span> <span class='ocrx_word' id='word_1_82' title='bbox 1035 1699 1286 1763; x_wconf 87' lang='lat' dir='ltr'><strong>ecclesiastica</strong></span> <span class='ocrx_word' id='word_1_83' title='bbox 1319 1715 1403 1779; x_wconf 86' lang='lat' dir='ltr'><strong>gra-</strong></span> 
     </span>
     <span class='ocr_line' id='line_1_14' title="bbox 276 1804 1405 1888; baseline -0.005 -15"><span class='ocrx_word' id='word_1_84' title='bbox 276 1810 383 1873; x_wconf 89' lang='lat' dir='ltr'><strong>viora</strong></span> <span class='ocrx_word' id='word_1_85' title='bbox 399 1811 456 1888; x_wconf 72' lang='lat' dir='ltr'><strong>agi</strong></span> <span class='ocrx_word' id='word_1_86' title='bbox 476 1813 645 1888; x_wconf 87' lang='lat' dir='ltr'><strong>oportere</strong></span> <span class='ocrx_word' id='word_1_87' title='bbox 663 1811 748 1886; x_wconf 92' lang='lat' dir='ltr'><strong>(non</strong></span> <span class='ocrx_word' id='word_1_88' title='bbox 767 1805 910 1888; x_wconf 85' lang='lat' dir='ltr'><strong>quidem</strong></span> <span class='ocrx_word' id='word_1_89' title='bbox 928 1804 1075 1884; x_wconf 85' lang='lat' dir='ltr'><strong>debere)</strong></span> <span class='ocrx_word' id='word_1_90' title='bbox 1094 1823 1166 1868; x_wconf 92' lang='lat' dir='ltr'><strong>non</strong></span> <span class='ocrx_word' id='word_1_91' title='bbox 1184 1804 1288 1868; x_wconf 91' lang='lat' dir='ltr'><strong>modo</strong></span> <span class='ocrx_word' id='word_1_92' title='bbox 1319 1821 1405 1867; x_wconf 87' lang='lat' dir='ltr'><strong>oum</strong></span> 
     </span>
     <span class='ocr_line' id='line_1_15' title="bbox 277 1911 1408 1998; baseline -0.004 -18"><span class='ocrx_word' id='word_1_93' title='bbox 277 1914 515 1998; x_wconf 86' lang='lat' dir='ltr'><strong>presbyteris,</strong></span> <span class='ocrx_word' id='word_1_94' title='bbox 530 1931 656 1976; x_wconf 88' lang='lat' dir='ltr'><strong>verum</strong></span> <span class='ocrx_word' id='word_1_95' title='bbox 675 1913 785 1976; x_wconf 84' lang='lat' dir='ltr'><strong>etiam</strong></span> <span class='ocrx_word' id='word_1_96' title='bbox 805 1929 885 1976; x_wconf 90' lang='lat' dir='ltr'><strong>cum</strong></span> <span class='ocrx_word' id='word_1_97' title='bbox 905 1911 1025 1994; x_wconf 82' lang='lat' dir='ltr'><strong>plebe,</strong></span> <span class='ocrx_word' id='word_1_98' title='bbox 1056 1916 1178 1974; x_wconf 88' lang='lat' dir='ltr'><strong>tamen</strong></span> <span class='ocrx_word' id='word_1_99' title='bbox 1200 1911 1331 1994; x_wconf 90' lang='lat' dir='ltr'><strong>inquit:</strong></span> <span class='ocrx_word' id='word_1_100' title='bbox 1359 1911 1408 1975; x_wconf 83' lang='lat' dir='ltr'><strong>Ia</strong></span> 
     </span>
     <span class='ocr_line' id='line_1_16' title="bbox 277 2019 1407 2103; baseline -0.005 -17"><span class='ocrx_word' id='word_1_101' title='bbox 277 2021 485 2086; x_wconf 74' lang='lat' dir='ltr'><strong>ordinandis</strong></span> <span class='ocrx_word' id='word_1_102' title='bbox 501 2021 650 2100; x_wconf 66' lang='lat' dir='ltr'><strong>clericis·</strong></span> <span class='ocrx_word' id='word_1_103' title='bbox 663 2019 797 2103; x_wconf 78' lang='lat' dir='ltr'><strong>fratres</strong></span> <span class='ocrx_word' id='word_1_104' title='bbox 815 2019 1002 2100; x_wconf 81' lang='lat' dir='ltr'><strong>carissimi,</strong></span> <span class='ocrx_word' id='word_1_105' title='bbox 1038 2031 1210 2082; x_wconf 78' lang='lat' dir='ltr'><strong>SOLEMUS</strong></span> <span class='ocrx_word' id='word_1_106' title='bbox 1239 2038 1299 2082; x_wconf 82' lang='lat' dir='ltr'><strong>eos</strong></span> <span class='ocrx_word' id='word_1_107' title='bbox 1322 2025 1407 2081; x_wconf 79' lang='lat' dir='ltr'><strong>artie</strong></span> 
     </span>
     <span class='ocr_line' id='line_1_17' title="bbox 277 2124 1407 2209; baseline -0.002 -17"><span class='ocrx_word' id='word_1_108' title='bbox 277 2129 462 2207; x_wconf 83' lang='lat' dir='ltr'><strong>consulere,</strong></span> <span class='ocrx_word' id='word_1_109' title='bbox 478 2134 509 2190; x_wconf 84' lang='lat' dir='ltr'><strong>et</strong></span> <span class='ocrx_word' id='word_1_110' title='bbox 525 2147 635 2192; x_wconf 85' lang='lat' dir='ltr'><strong>mores</strong></span> <span class='ocrx_word' id='word_1_111' title='bbox 648 2147 688 2191; x_wconf 86' lang='lat' dir='ltr'><strong>ac</strong></span> <span class='ocrx_word' id='word_1_112' title='bbox 705 2127 829 2190; x_wconf 88' lang='lat' dir='ltr'><strong>merita</strong></span> <span class='ocrx_word' id='word_1_113' title='bbox 843 2125 1059 2209; x_wconf 78' lang='lat' dir='ltr'><strong>sispalorum</strong></span> <span class='ocrx_word' id='word_1_114' title='bbox 1074 2125 1245 2189; x_wconf 79' lang='lat' dir='ltr'><strong>commatri</strong></span> <span class='ocrx_word' id='word_1_115' title='bbox 1257 2124 1407 2190; x_wconf 83' lang='lat' dir='ltr'><strong>coneilio</strong></span> 
     </span>
     <span class='ocr_line' id='line_1_18' title="bbox 271 2232 1405 2319; baseline -0.004 -21"><span class='ocrx_word' id='word_1_116' title='bbox 271 2235 513 2319; x_wconf 80' lang='lat' dir='ltr'><strong>ponderare...</strong></span> <span class='ocrx_word' id='word_1_117' title='bbox 532 2232 599 2297; x_wconf 80' lang='lat' dir='ltr'><strong>Sed</strong></span> <span class='ocrx_word' id='word_1_118' title='bbox 612 2234 845 2316; x_wconf 72' lang='lat' dir='ltr'><strong>exspectanda</strong></span> <span class='ocrx_word' id='word_1_119' title='bbox 862 2255 930 2298; x_wconf 83' lang='lat' dir='ltr'><strong>nom</strong></span> <span class='ocrx_word' id='word_1_120' title='bbox 944 2239 1024 2298; x_wconf 84' lang='lat' dir='ltr'><strong>sumt</strong></span> <span class='ocrx_word' id='word_1_121' title='bbox 1054 2233 1250 2296; x_wconf 78' lang='lat' dir='ltr'><strong>testimonia</strong></span> <span class='ocrx_word' id='word_1_122' title='bbox 1278 2245 1405 2294; x_wconf 73' lang='grc' dir='ltr'><strong>ΒΗΜΛ-</strong></span> 
     </span>
     <span class='ocr_line' id='line_1_19' title="bbox 279 2337 1405 2424; baseline -0.004 -20"><span class='ocrx_word' id='word_1_123' title='bbox 279 2355 338 2420; x_wconf 78' lang='lat' dir='ltr'><strong>NA,</strong></span> <span class='ocrx_word' id='word_1_124' title='bbox 357 2341 658 2422; x_wconf 85' lang='lat' dir='ltr'><strong>cumpraeceduut</strong></span> <span class='ocrx_word' id='word_1_125' title='bbox 686 2341 807 2403; x_wconf 82' lang='lat' dir='ltr'><strong>diuina</strong></span> <span class='ocrx_word' id='word_1_126' title='bbox 839 2340 1016 2424; x_wconf 63' lang='lat' dir='ltr'><strong>suffragia</strong></span> <span class='ocrx_word' id='word_1_127' title='bbox 1047 2339 1108 2420; x_wconf 85' lang='lat'><strong>(3);</strong></span> <span class='ocrx_word' id='word_1_128' title='bbox 1144 2337 1268 2419; x_wconf 85' lang='lat' dir='ltr'><strong>igitur,</strong></span> <span class='ocrx_word' id='word_1_129' title='bbox 1294 2337 1405 2418; x_wconf 83' lang='lat' dir='ltr'><strong>juxta</strong></span> 
     </span>
     <span class='ocr_line' id='line_1_20' title="bbox 279 2444 1405 2528; baseline -0.001 -18"><span class='ocrx_word' id='word_1_130' title='bbox 279 2446 473 2510; x_wconf 84' lang='lat' dir='ltr'><strong>Doctorem</strong></span> <span class='ocrx_word' id='word_1_131' title='bbox 493 2445 717 2526; x_wconf 81' lang='lat' dir='ltr'><strong>Africanum,</strong></span> <span class='ocrx_word' id='word_1_132' title='bbox 737 2463 938 2509; x_wconf 89' lang='lat' dir='ltr'><strong>consensus</strong></span> <span class='ocrx_word' id='word_1_133' title='bbox 956 2445 1074 2528; x_wconf 87' lang='lat' dir='ltr'><strong>plebis</strong></span> <span class='ocrx_word' id='word_1_134' title='bbox 1093 2462 1165 2508; x_wconf 91' lang='lat' dir='ltr'><strong>non</strong></span> <span class='ocrx_word' id='word_1_135' title='bbox 1198 2450 1280 2508; x_wconf 86' lang='lat' dir='ltr'><strong>erut</strong></span> <span class='ocrx_word' id='word_1_136' title='bbox 1309 2444 1405 2526; x_wconf 85' lang='lat' dir='ltr'><strong>rigo-</strong></span> 
     </span>
     <span class='ocr_line' id='line_1_21' title="bbox 279 2549 1407 2631; baseline -0.001 -15"><span class='ocrx_word' id='word_1_137' title='bbox 279 2568 361 2616; x_wconf 87' lang='lat' dir='ltr'><strong>rose</strong></span> <span class='ocrx_word' id='word_1_138' title='bbox 375 2551 656 2631; x_wconf 83' lang='lat' dir='ltr'><strong>necessarius,et</strong></span> <span class='ocrx_word' id='word_1_139' title='bbox 670 2551 817 2615; x_wconf 85' lang='lat' dir='ltr'><strong>aliunde</strong></span> <span class='ocrx_word' id='word_1_140' title='bbox 831 2569 936 2616; x_wconf 84' lang='lat' dir='ltr'><strong>casus</strong></span> <span class='ocrx_word' id='word_1_141' title='bbox 951 2549 1267 2616; x_wconf 82' lang='lat' dir='ltr'><strong>extraordinarios</strong></span> <span class='ocrx_word' id='word_1_142' title='bbox 1281 2551 1407 2615; x_wconf 85' lang='lat' dir='ltr'><strong>exclu-</strong></span> 
     </span>
     <span class='ocr_line' id='line_1_22' title="bbox 278 2657 838 2739; baseline -0.002 -16"><span class='ocrx_word' id='word_1_143' title='bbox 278 2659 390 2724; x_wconf 89' lang='lat' dir='ltr'><strong>sionis</strong></span> <span class='ocrx_word' id='word_1_144' title='bbox 407 2657 594 2739; x_wconf 87' lang='lat' dir='ltr'><strong>popularis</strong></span> <span class='ocrx_word' id='word_1_145' title='bbox 612 2659 838 2722; x_wconf 87' lang='lat' dir='ltr'><strong>admittebat.</strong></span> 
     </span>
    </p>

    <p class='ocr_par' dir='ltr' id='par_1_5' title="bbox 277 2761 1414 3909">
     <span class='ocr_line' id='line_1_23' title="bbox 368 2761 1407 2846; baseline -0.003 -18"><span class='ocrx_word' id='word_1_146' title='bbox 368 2762 402 2828; x_wconf 91' lang='lat' dir='ltr'><strong>S.</strong></span> <span class='ocrx_word' id='word_1_147' title='bbox 423 2763 577 2828; x_wconf 86' lang='lat' dir='ltr'><strong>Basilius</strong></span> <span class='ocrx_word' id='word_1_148' title='bbox 595 2783 689 2829; x_wconf 87' lang='lat' dir='ltr'><strong>anno</strong></span> <span class='ocrx_word' id='word_1_149' title='bbox 707 2765 773 2828; x_wconf 83' lang='lat'><strong>370</strong></span> <span class='ocrx_word' id='word_1_150' title='bbox 790 2763 975 2846; x_wconf 85' lang='lat' dir='ltr'><strong>Synodnm</strong></span> <span class='ocrx_word' id='word_1_151' title='bbox 990 2762 1262 2828; x_wconf 87' lang='lat' dir='ltr'><strong>Provincialem</strong></span> <span class='ocrx_word' id='word_1_152' title='bbox 1277 2761 1407 2826; x_wconf 82' lang='lat' dir='ltr'><strong>habuit</strong></span> 
     </span>
     <span class='ocr_line' id='line_1_24' title="bbox 279 2869 1405 2954; baseline -0.005 -17"><span class='ocrx_word' id='word_1_153' title='bbox 279 2874 314 2937; x_wconf 91' lang='lat' dir='ltr'><strong>in</strong></span> <span class='ocrx_word' id='word_1_154' title='bbox 333 2891 402 2954; x_wconf 90' lang='lat' dir='ltr'><strong>quo</strong></span> <span class='ocrx_word' id='word_1_155' title='bbox 420 2871 667 2953; x_wconf 88' lang='lat' dir='ltr'><strong>Euphronium</strong></span> <span class='ocrx_word' id='word_1_156' title='bbox 684 2872 843 2953; x_wconf 84' lang='lat' dir='ltr'><strong>ologitin</strong></span> <span class='ocrx_word' id='word_1_157' title='bbox 856 2870 1078 2953; x_wconf 84' lang='lat' dir='ltr'><strong>Episcopum</strong></span> <span class='ocrx_word' id='word_1_158' title='bbox 1093 2869 1405 2951; x_wconf 85' lang='lat' dir='ltr'><strong>Nicopolitanum,</strong></span> 
     </span>
     <span class='ocr_line' id='line_1_25' title="bbox 280 2974 1408 3059; baseline -0.002 -19"><span class='ocrx_word' id='word_1_159' title='bbox 280 2983 525 3059; x_wconf 85' lang='lat' dir='ltr'><strong>etpostquam</strong></span> <span class='ocrx_word' id='word_1_160' title='bbox 557 2976 772 3040; x_wconf 85' lang='lat' dir='ltr'><strong>electionem</strong></span> <span class='ocrx_word' id='word_1_161' title='bbox 806 2977 944 3058; x_wconf 89' lang='lat' dir='ltr'><strong>absque</strong></span> <span class='ocrx_word' id='word_1_162' title='bbox 975 2992 1155 3040; x_wconf 88' lang='lat' dir='ltr'><strong>concursu</strong></span> <span class='ocrx_word' id='word_1_163' title='bbox 1188 2974 1314 3057; x_wconf 92' lang='lat' dir='ltr'><strong>populi</strong></span> <span class='ocrx_word' id='word_1_164' title='bbox 1344 2975 1408 3038; x_wconf 86' lang='lat' dir='ltr'><strong>vel</strong></span> 
     </span>
     <span class='ocr_line' id='line_1_26' title="bbox 280 3081 1410 3165; baseline -0.002 -19"><span class='ocrx_word' id='word_1_165' title='bbox 280 3085 493 3165; x_wconf 86' lang='lat' dir='ltr'><strong>optimatum</strong></span> <span class='ocrx_word' id='word_1_166' title='bbox 512 3083 663 3162; x_wconf 86' lang='lat' dir='ltr'><strong>lecerat,</strong></span> <span class='ocrx_word' id='word_1_167' title='bbox 683 3081 830 3146; x_wconf 85' lang='lat' dir='ltr'><strong>Senatui</strong></span> <span class='ocrx_word' id='word_1_168' title='bbox 848 3083 946 3147; x_wconf 88' lang='lat' dir='ltr'><strong>urbis</strong></span> <span class='ocrx_word' id='word_1_169' title='bbox 960 3081 1240 3164; x_wconf 87' lang='lat' dir='ltr'><strong>Nicopolitanae</strong></span> <span class='ocrx_word' id='word_1_170' title='bbox 1257 3081 1410 3164; x_wconf 89' lang='lat' dir='ltr'><strong>scripsit</strong></span> 
     </span>
     <span class='ocr_line' id='line_1_27' title="bbox 280 3189 1411 3273; baseline 0 -19"><span class='ocrx_word' id='word_1_171' title='bbox 280 3198 318 3254; x_wconf 92' lang='lat' dir='ltr'><strong>ut</strong></span> <span class='ocrx_word' id='word_1_172' title='bbox 336 3208 417 3254; x_wconf 89' lang='lat' dir='ltr'><strong>eum</strong></span> <span class='ocrx_word' id='word_1_173' title='bbox 430 3191 632 3271; x_wconf 81' lang='lat' dir='ltr'><strong>susciperet</strong></span> <span class='ocrx_word' id='word_1_174' title='bbox 647 3190 747 3254; x_wconf 88' lang='lat' dir='ltr'><strong>hisce</strong></span> <span class='ocrx_word' id='word_1_175' title='bbox 773 3191 947 3255; x_wconf 89' lang='lat' dir='ltr'><strong>terminis:</strong></span> <span class='ocrx_word' id='word_1_176' title='bbox 982 3189 1272 3273; x_wconf 81' lang='lat' dir='ltr'><strong>Dispensatioaes</strong></span> <span class='ocrx_word' id='word_1_177' title='bbox 1303 3189 1411 3254; x_wconf 69' lang='lat' dir='ltr'><strong>ecch·</strong></span> 
     </span>
     <span class='ocr_line' id='line_1_28' title="bbox 279 3295 1409 3380; baseline -0.001 -19"><span class='ocrx_word' id='word_1_178' title='bbox 279 3298 572 3362; x_wconf 69' lang='lat' dir='ltr'><strong>siasticueFlUNT</strong></span> <span class='ocrx_word' id='word_1_179' title='bbox 590 3309 711 3359; x_wconf 70' lang='lat' dir='ltr'><strong>cultri:</strong></span> <span class='ocrx_word' id='word_1_180' title='bbox 728 3298 769 3360; x_wconf 86' lang='lat' dir='ltr'><strong>ab</strong></span> <span class='ocrx_word' id='word_1_181' title='bbox 798 3297 844 3360; x_wconf 86' lang='lat' dir='ltr'><strong>iis</strong></span> <span class='ocrx_word' id='word_1_182' title='bbox 877 3297 1000 3380; x_wconf 81' lang='lat' dir='ltr'><strong>quibus</strong></span> <span class='ocrx_word' id='word_1_183' title='bbox 1034 3295 1191 3380; x_wconf 86' lang='lat' dir='ltr'><strong>ipsorum</strong></span> <span class='ocrx_word' id='word_1_184' title='bbox 1222 3296 1409 3360; x_wconf 81' lang='lat' dir='ltr'><strong>commissa</strong></span> 
     </span>
     <span class='ocr_line' id='line_1_29' title="bbox 277 3403 1410 3490; baseline -0.001 -22"><span class='ocrx_word' id='word_1_185' title='bbox 277 3406 348 3490; x_wconf 77' lang='lat' dir='ltr'><strong>fuit</strong></span> <span class='ocrx_word' id='word_1_186' title='bbox 363 3405 596 3488; x_wconf 79' lang='lat' dir='ltr'><strong>praefectura,</strong></span> <span class='ocrx_word' id='word_1_187' title='bbox 615 3403 675 3467; x_wconf 84' lang='lat' dir='ltr'><strong>sed</strong></span> <span class='ocrx_word' id='word_1_188' title='bbox 692 3405 939 3488; x_wconf 76' lang='lat' dir='ltr'><strong>confirmaretur</strong></span> <span class='ocrx_word' id='word_1_189' title='bbox 956 3423 979 3466; x_wconf 90' lang='lat' dir='ltr'><strong>a</strong></span> <span class='ocrx_word' id='word_1_190' title='bbox 1003 3405 1160 3489; x_wconf 84' lang='lat' dir='ltr'><strong>populis.</strong></span> <span class='ocrx_word' id='word_1_191' title='bbox 1190 3403 1285 3468; x_wconf 89' lang='lat' dir='ltr'><strong>Nam</strong></span> <span class='ocrx_word' id='word_1_192' title='bbox 1315 3403 1410 3487; x_wconf 76' lang='lat' dir='ltr'><strong>quod</strong></span> 
     </span>
     <span class='ocr_line' id='line_1_30' title="bbox 280 3507 1410 3594; baseline -0.002 -20"><span class='ocrx_word' id='word_1_193' title='bbox 280 3511 327 3574; x_wconf 84' lang='lat' dir='ltr'><strong>ad</strong></span> <span class='ocrx_word' id='word_1_194' title='bbox 354 3509 594 3574; x_wconf 83' lang='lat' dir='ltr'><strong>dilectissimos</strong></span> <span class='ocrx_word' id='word_1_195' title='bbox 624 3510 799 3592; x_wconf 83' lang='lat' dir='ltr'><strong>spectabat</strong></span> <span class='ocrx_word' id='word_1_196' title='bbox 830 3507 1036 3592; x_wconf 82' lang='lat' dir='ltr'><strong>Episcopus,</strong></span> <span class='ocrx_word' id='word_1_197' title='bbox 1082 3509 1310 3594; x_wconf 81' lang='lat' dir='ltr'><strong>adimpletum</strong></span> <span class='ocrx_word' id='word_1_198' title='bbox 1342 3515 1410 3590; x_wconf 79' lang='lat' dir='ltr'><strong>esi,·</strong></span> 
     </span>
     <span class='ocr_line' id='line_1_31' title="bbox 281 3615 1411 3700; baseline 0.002 -22"><span class='ocrx_word' id='word_1_199' title='bbox 281 3616 370 3700; x_wconf 80' lang='lat' dir='ltr'><strong>qaod</strong></span> <span class='ocrx_word' id='word_1_200' title='bbox 387 3622 542 3698; x_wconf 84' lang='lat' dir='ltr'><strong>superest</strong></span> <span class='ocrx_word' id='word_1_201' title='bbox 558 3621 707 3679; x_wconf 85' lang='lat' dir='ltr'><strong>oestrum</strong></span> <span class='ocrx_word' id='word_1_202' title='bbox 724 3623 773 3679; x_wconf 84' lang='lat' dir='ltr'><strong>est</strong></span> <span class='ocrx_word' id='word_1_203' title='bbox 789 3622 827 3679; x_wconf 87' lang='lat' dir='ltr'><strong>at</strong></span> <span class='ocrx_word' id='word_1_204' title='bbox 843 3615 985 3699; x_wconf 81' lang='lat' dir='ltr'><strong>dipnum</strong></span> <span class='ocrx_word' id='word_1_205' title='bbox 1009 3617 1143 3699; x_wconf 84' lang='lat' dir='ltr'><strong>putetis</strong></span> <span class='ocrx_word' id='word_1_206' title='bbox 1171 3617 1256 3681; x_wconf 82' lang='lat' dir='ltr'><strong>bono</strong></span> <span class='ocrx_word' id='word_1_207' title='bbox 1289 3616 1411 3680; x_wconf 84' lang='lat' dir='ltr'><strong>animo</strong></span> 
     </span>
     <span class='ocr_line' id='line_1_32' title="bbox 279 3719 1407 3809; baseline -0.001 -22"><span class='ocrx_word' id='word_1_208' title='bbox 279 3723 453 3804; x_wconf 86' lang='lat' dir='ltr'><strong>suscipere</strong></span> <span class='ocrx_word' id='word_1_209' title='bbox 470 3719 680 3804; x_wconf 79' lang='lat' dir='ltr'><strong>Episcopum</strong></span> <span class='ocrx_word' id='word_1_210' title='bbox 697 3722 791 3786; x_wconf 85' lang='lat' dir='ltr'><strong>vobis</strong></span> <span class='ocrx_word' id='word_1_211' title='bbox 803 3735 936 3786; x_wconf 73' lang='lat' dir='ltr'>DATUM</span> <span class='ocrx_word' id='word_1_212' title='bbox 951 3727 983 3785; x_wconf 90' lang='lat' dir='ltr'><strong>et</strong></span> <span class='ocrx_word' id='word_1_213' title='bbox 1002 3721 1144 3802; x_wconf 76' lang='lat' dir='ltr'><strong>fortiter</strong></span> <span class='ocrx_word' id='word_1_214' title='bbox 1167 3723 1312 3809; x_wconf 81' lang='lat' dir='ltr'><strong>rejicere</strong></span> <span class='ocrx_word' id='word_1_215' title='bbox 1345 3741 1407 3786; x_wconf 75' lang='lat' dir='ltr'><strong>em·</strong></span> 
     </span>
     <span class='ocr_line' id='line_1_33' title="bbox 281 3823 1414 3909; baseline 0.002 -20"><span class='ocrx_word' id='word_1_216' title='bbox 281 3833 479 3890; x_wconf 81' lang='lat' dir='ltr'><strong>truncorum</strong></span> <span class='ocrx_word' id='word_1_217' title='bbox 503 3833 645 3890; x_wconf 84' lang='lat' dir='ltr'><strong>conatus</strong></span> <span class='ocrx_word' id='word_1_218' title='bbox 662 3823 722 3908; x_wconf 83' lang='lat'>(4);</span> <span class='ocrx_word' id='word_1_219' title='bbox 741 3825 895 3890; x_wconf 88' lang='lat' dir='ltr'><strong>Senatus</strong></span> <span class='ocrx_word' id='word_1_220' title='bbox 924 3843 1014 3890; x_wconf 90' lang='lat' dir='ltr'><strong>vero</strong></span> <span class='ocrx_word' id='word_1_221' title='bbox 1050 3825 1329 3909; x_wconf 88' lang='lat' dir='ltr'><strong>Nicopolitanns</strong></span> <span class='ocrx_word' id='word_1_222' title='bbox 1356 3827 1414 3892; x_wconf 89' lang='lat' dir='ltr'><strong>ita</strong></span> 
     </span>
    </p>
   </div>
   <div class='ocr_carea' id='block_1_3' title="bbox 352 4051 726 4118">
    <p class='ocr_par' dir='ltr' id='par_1_6' title="bbox 352 4051 726 4118">
     <span class='ocr_line' id='line_1_34' title="bbox 352 4051 726 4118; baseline 0.016 -16"><span class='ocrx_word' id='word_1_223' title='bbox 352 4051 389 4113; x_wconf 85' lang='lat'><strong>(1)</strong></span> <span class='ocrx_word' id='word_1_224' title='bbox 426 4051 556 4118; x_wconf 83' lang='lat' dir='ltr'><strong>Caplll.</strong></span> <span class='ocrx_word' id='word_1_225' title='bbox 570 4051 726 4108; x_wconf 80' lang='lat' dir='ltr'><strong>chonstit.</strong></span> 
     </span>
    </p>
   </div>
   <div class='ocr_carea' id='block_1_4' title="bbox 353 4121 993 4328">
    <p class='ocr_par' dir='ltr' id='par_1_7' title="bbox 353 4121 993 4328">
     <span class='ocr_line' id='line_1_35' title="bbox 353 4121 993 4194; baseline 0.011 -23"><span class='ocrx_word' id='word_1_226' title='bbox 353 4122 393 4186; x_wconf 78' lang='grc'><strong>(2)</strong></span> <span class='ocrx_word' id='word_1_227' title='bbox 430 4121 512 4176; x_wconf 85' lang='lat' dir='ltr'><strong>Gonf.</strong></span> <span class='ocrx_word' id='word_1_228' title='bbox 533 4124 663 4190; x_wconf 85' lang='lat' dir='ltr'><strong>ejusdem</strong></span> <span class='ocrx_word' id='word_1_229' title='bbox 677 4127 835 4194; x_wconf 84' lang='lat' dir='ltr'><strong>Epistolsm</strong></span> <span class='ocrx_word' id='word_1_230' title='bbox 848 4126 993 4182; x_wconf 83' lang='lat' dir='ltr'>XXVIII.</span> 
     </span>
     <span class='ocr_line' id='line_1_36' title="bbox 353 4192 673 4257; baseline 0.028 -17"><span class='ocrx_word' id='word_1_231' title='bbox 353 4193 392 4254; x_wconf 77' lang='grc'><strong>(3)</strong></span> <span class='ocrx_word' id='word_1_232' title='bbox 432 4192 521 4257; x_wconf 86' lang='lat' dir='ltr'><strong>Epist.</strong></span> <span class='ocrx_word' id='word_1_233' title='bbox 535 4199 560 4246; x_wconf 80' lang='grc'><strong>2.</strong></span> <span class='ocrx_word' id='word_1_234' title='bbox 575 4193 633 4248; x_wconf 87' lang='lat' dir='ltr'><strong>Lib.</strong></span> <span class='ocrx_word' id='word_1_235' title='bbox 648 4201 673 4250; x_wconf 75' lang='lat'><strong>2.</strong></span> 
     </span>
     <span class='ocr_line' id='line_1_37' title="bbox 355 4261 596 4328; baseline 0.012 -16"><span class='ocrx_word' id='word_1_236' title='bbox 355 4261 394 4328; x_wconf 84' lang='lat' dir='ltr'><strong>(t)</strong></span> <span class='ocrx_word' id='word_1_237' title='bbox 429 4261 520 4328; x_wconf 85' lang='lat' dir='ltr'><strong>Epist.</strong></span> <span class='ocrx_word' id='word_1_238' title='bbox 539 4265 596 4316; x_wconf 74' lang='lat'>194.</span> 
     </span>
    </p>
   </div>
   <div class='ocr_carea' id='block_1_5' title="bbox 0 0 1589 4980">
    <p class='ocr_par' dir='ltr' id='par_1_8' title="bbox 0 0 1589 4980">
     <span class='ocr_line' id='line_1_38' title="bbox 0 0 1589 4980; baseline 0 0"><span class='ocrx_word' id='word_1_239' title='bbox 0 0 1589 4980; x_wconf 95' lang='lat' dir='ltr'><strong> </strong></span> 
     </span>
    </p>
   </div>
  </div>
 </body>
</html>
