3146 4980
21 209 36 750 l

583 401 761 461 -385-

104 542 251 608 fruendi
270 545 490 625 praebendis
508 545 726 610 vacantibus
744 551 780 610 et
796 546 1007 612 nominandi
1036 545 1083 610 ad
1099 547 1232 611 benefi-

105 651 160 714 cia
176 669 253 714 nou
273 658 414 732 curata,
433 653 519 716 sede
552 657 745 718 vacante».
764 654 867 717 Nunc
901 671 1002 734 vero,
1022 671 1127 717 nemo
1156 656 1232 718 infi-

104 757 263 822 ciabitur
282 758 350 822 hoc
364 759 447 838 June
464 759 624 840 gaudere
644 777 750 842 posse
768 761 955 842 Principes
986 761 1047 824 vel
1073 761 1233 841 positiva

105 862 299 928 Ecclesiae
317 868 566 947 concessione,
585 867 646 930 vel
668 868 704 930 vi
721 874 948 948 patronatus,
983 868 1013 930 si
1046 867 1232 932 fundando

18 952 24 1038 1'2
105 971 289 1035 beneficia
305 971 398 1036 tales
417 973 643 1036 conditiones
663 975 901 1055 apposuerint
925 979 961 1038 et
978 965 1233 1055 a'competenti

18 1115 25 1186 l,

17 1229 25 1340 l

107 1075 301 1158 Ecclesiae
318 1080 538 1142 auctoritate
552 1079 687 1143 fuerint
704 1087 933 1161 acceptatam
953 1079 1016 1144 sed
1030 1097 1131 1144 error
1144 1081 1233 1144 situs

18 1201 21 1228 ἑ
107 1186 214 1248 estin
232 1185 447 1265 asserend0,
478 1186 635 1268 Regibus
653 1185 748 1250 banc
764 1187 977 1250 fucultatem
1010 1193 1126 1251 marte
1153 1205 1234 1268 pro-

109 1292 185 1370 prio
203 1298 419 1374 competere
438 1298 624 1375 tamquam
642 1294 855 1358 attributum
874 1295 1037 1358 nativum
1052 1295 1234 1377 principu-

109 1403 163 1460 tus
179 1415 248 1462 seu
268 1413 428 1463 coronae
443 1399 632 1479 regaliam.

196 1505 388 1586 Ejusmodi
406 1507 539 1571 abusus
554 1507 735 1588 processit
749 1507 900 1571 exsalsa
917 1507 1164 1588 applicatione
1178 1511 1234 1591 ju-

110 1611 157 1675 ris
174 1613 340 1676 feudalis
357 1613 403 1676 ad
418 1613 597 1676 beneficia
621 1614 887 1696 ecclesiastica,
921 1615 1006 1695 quia
1034 1615 1144 1680 feuda
1172 1635 1235 1680 vu-

112 1721 235 1783 cantia
254 1720 302 1783 ad
317 1720 500 1784 dominum
519 1719 694 1784 directum
714 1720 894 1799 redibant,
911 1719 1026 1785 donec
1043 1739 1167 1786 rursus
1188 1723 1235 1786 ab

115 1841 153 1888 ec
171 1825 444 1905 confer-rentum
465 1844 533 1908 age
548 1828 636 1907 jam,
657 1825 726 1890 hoc
757 1827 858 1891 nullo
874 1833 982 1908 pacto
1014 1829 1236 1909 applicabile

28 1927 30 1932 ’
115 1938 165 1994 est
181 1933 446 1998 ecclesiasticis
460 1933 647 1998 beneficiis
661 1933 796 2014 triplici
811 1935 1035 2013 potissimum
1050 1935 1094 2020 de
1110 1953 1233 1999 causa:

117 2037 163 2102 1.⁰
176 2041 264 2122 quia
282 2040 400 2122 Reges
417 2058 488 2104 non
503 2047 587 2104 sunt
600 2040 733 2104 domini
763 2041 892 2103 directi
909 2041 1084 2104 bonorum
1115 2041 1235 2105 Eccle·

33 2137 35 2184 4
115 2146 199 2227 siae,
220 2155 258 2212 et
275 2149 444 2230 quamuis
462 2149 531 2229 ipsi
546 2148 767 2212 contulerint
780 2147 896 2211 eidem
911 2148 1035 2229 aliqua
1047 2149 1154 2228 bona,
1170 2147 1235 2212 Ec-

37 2336 39 2340 ι
118 2252 225 2318 clesia
239 2255 311 2318 ista
328 2256 556 2338 acceptando
573 2261 609 2318 et
624 2255 687 2318 fini
716 2254 897 2336 spirituali
928 2255 1148 2318 addiscendo
1176 2255 1236 2319 do·

117 2359 262 2424 minium
280 2379 354 2425 non
372 2361 477 2425 modo
496 2362 595 2443 utile,
615 2377 741 2424 verum
761 2361 871 2424 etiam
890 2359 1066 2424 directum
1082 2362 1118 2424 in
1142 2362 1238 2425 bona

120 2463 250 2532 donata
267 2467 477 2550 acquisivit;
496 2467 548 2532 2⁰
565 2467 651 2550 quia
666 2467 845 2532 beneficia
862 2467 1125 2548 ecclesiastica,
1155 2487 1237 2533 nec·

119 2587 184 2636 non
205 2559 323 2640 'feuda
354 2576 490 2640 collata
518 2575 719 2655 Ecclesiae,
735 2591 778 2638 eo
811 2575 889 2655 ipso
923 2575 1019 2656 quod
1050 2575 1238 2640 Ecclesiae

120 2693 291 2746 concessa
308 2681 393 2764 sint,
411 2699 593 2764 nunquam
612 2681 760 2764 proprie
778 2685 926 2758 vacant3
946 2681 1040 2744 enim
1073 2681 1239 2746 Ecclesia

120 2771 381 2868 semper-'aduc
402 2787 496 2852 sicut
513 2788 764 2866 communitas,
783 2786 850 2850 etsi
868 2794 1010 2850 rectore
1029 2794 1166 2867 carcat;
1186 2786 1238 2850 3.⁰

38 2971 39 2974 Ἴ
121 2892 200 2972 quia
213 2894 394 2958 beneficia
411 2893 675 2974 ecclesiastica,
695 2894 781 2958 licet
798 2894 951 2956 fuissent
968 2893 1093 2975 regiae
1110 2893 1237 2957 funda-

121 2996 233 3082 tionis,
247 3002 458 3084 neutiquam
473 3000 615 3064 censeri
629 3003 766 3082 queunt
783 3000 829 3064 ab
843 2999 1001 3080 antiquis
1014 2999 1172 3080 Regibus
1187 2999 1238 3064 in·

120 3104 241 3171 stitutu
256 3113 294 3171 et
310 3108 356 3170 nb
373 3107 542 3172 Ecclesia
561 3110 755 3188 acceptata
768 3105 815 3169 ad
831 3123 978 3170 normas
992 3105 1084 3187 juris
1116 3106 1239 3170 feuda-

122 3206 175 3290 lis,
194 3213 259 3278 sed
277 3218 352 3278 turn
366 3213 548 3278 institutio
564 3219 639 3278 tum
670 3213 877 3295 acceptatio
894 3212 1110 3294 intelligitur
1141 3213 1241 3278 iacta

17 3379 37 3410 Ν,
120 3313 220 3393 juxta
237 3321 510 3386 ecclesiasticas
529 3321 676 3403 regulas
701 3325 738 3384 et
754 3319 950 3384 canonicus
983 3321 1241 3403 praescriptio·-

122 3436 193 3488 nes.

204 3531 285 3598 Hoc
294 3533 354 3614 Jus
371 3513 562 3599 abusivum
577 3537 688 3615 atque
700 3532 927 3614 illegitimum
940 3533 976 3594 in
990 3529 1112 3597 Gallia
1124 3533 1240 3616 primo

122 3645 297 3704 assertum
315 3646 370 3705 cst
384 3658 407 3703 a
423 3641 656 3705 Parlamento
673 3639 870 3704 Parisiensi
887 3656 982 3702 anno
1000 3637 1098 3720 1608,
1119 3657 1241 3722 quam·

122 3741 186 3824 ris,
201 3743 309 3811 Olero
337 3746 384 3810 ad
396 3746 593 3812 Henricum
617 3745 667 3810 IV
680 3746 917 3827 reclamante,
938 3763 1050 3810 causa
1082 3745 1128 3809 ad
1163 3746 1242 3827 ejus

123 3849 277 3918 tribunal
290 3858 449 3919 avocata
465 3858 533 3934 cst3
554 3852 637 3918 dein
669 3854 813 3918 veroin
830 3853 1013 3918 nonnullis
1042 3851 1243 3935 provinciis

19 4009 24 4048 ἶ,
124 3960 253 4025 sensim
270 3960 434 4042 agnitum
450 3960 531 4042 fuit,
551 3959 667 4023 donec
685 3958 832 4023 tandem
849 3959 916 4024 sub
944 3957 1130 4023 Ludovico
1160 3957 1243 4023 XIV

19 4123 27 4162 a
124 4057 346 4132 inuniverso
362 4083 477 4149 regno
510 4065 776 4148 proclamatum
808 4069 874 4147 est,
909 4063 1094 4128 serviliter
1122 4081 1242 4128 assen-

19 4225 27 4272 ᾗ
128 4165 434 4239 tienteconventu
454 4171 552 4238 Cleri
582 4170 765 4237 Gallicani
798 4189 892 4236 anno
923 4170 1009 4236 1682
1042 4171 1243 4236 celebrato.

129 4271 336 4358 Apostolica
367 4278 480 4345 Sedes
513 4278 645 4361 rejecit
676 4283 786 4362 atque
817 4277 1006 4344 damnavit
1039 4275 1245 4360 hujusmodi
1325 4357 1328 4362 ,

1157 4385 1191 4434 sc
