3146 4980
573 375 752 434 -399-
850 433 853 438 .

99 522 206 599 mata,
225 536 323 601 quae
338 536 362 583 a
377 520 483 583 nacto
501 519 647 586 tramite
660 519 878 586 aberrarunt
894 539 1005 604 super
1016 528 1223 590 naturaeo-

98 624 330 690 elesiasticae
348 627 551 708 potestatis.

183 730 266 796 258.
314 730 491 796 Probatur
507 732 558 796 1.⁸
575 750 660 814 pars
673 752 737 799 seu
751 734 952 817 propositio
969 735 1224 802 fundamenta·

98 835 139 900 lis
156 835 286 918 thesis,
306 855 449 920 nempe:
468 839 625 906 Potestas
637 842 777 927 repandi
790 849 890 924 atqua
907 841 996 926 lopas
1019 843 1158 926 ferendi
1175 865 1221 908 cot

99 939 228 1008 Christi
244 945 461 1012 institutione
478 959 560 1010 soni
575 945 783 1013 accursus
793 951 877 1034 jure
884 950 1033 1032 proprio
1045 951 1219 1034 competit.

184 1051 240 1114 1.⁰
285 1052 507 1117 Institutione
520 1053 641 1119 diviua
665 1053 861 1118 sacerdotii
890 1056 1046 1136 externi,
1065 1058 1222 1121 auctori·

97 1156 180 1220 tatis
199 1157 359 1222 visibilis
375 1165 412 1222 et
425 1159 597 1241 specialis
610 1148 839 1224 hierarchiae
857 1180 878 1225 a
896 1163 1030 1244 populo
1048 1181 1112 1228 seu
1126 1164 1219 1228 lacis

96 1265 343 1329 essentialiter
361 1263 567 1345 distinctae,
586 1268 637 1330 uti
655 1285 701 1332 ex
732 1265 846 1332 Sacra
874 1267 1074 1350 Scriptura,
1094 1269 1220 1335 Tradi-

97 1368 192 1434 tioue
209 1370 414 1436 christiana
439 1374 596 1438 omnium
614 1374 856 1454 saeculorum,
873 1373 1138 1441 Conciliaribus
1163 1376 1224 1440 de·

97 1474 333 1557 finitionibus,
353 1495 397 1542 ae
413 1479 631 1560 praesertim
649 1479 868 1543 Tridentinis
886 1478 1043 1544 decretis
1069 1482 1222 1562 apertis·

96 1580 183 1647 sime
200 1589 360 1648 constat.
1311 1582 1314 1586 ’

180 1687 214 1752 N
218 1708 289 1755 unc
305 1709 408 1775 vero,
428 1690 633 1771 hujusmodi
661 1691 865 1757 sacerdotio
883 1696 1050 1777 externo,
1084 1693 1221 1760 visibili

97 1797 309 1862 auctoritati
339 1805 450 1881 atque
477 1799 751 1864 ecclesiasticae
778 1800 1008 1864 hierarchiae
1033 1802 1150 1867 solum
1183 1808 1221 1868 et

96 1902 199 1968 unice
218 1903 476 1970 demandatum
491 1912 527 1970 et
544 1905 717 1972 collatum
730 1911 786 1970 est
801 1909 884 1988 jure
909 1908 1046 1987 divino,
1067 1908 1135 1972 hoc
1152 1915 1221 1990 est,

97 2021 268 2089 suprema
280 2006 517 2092 dispositione
534 2018 571 2075 et
584 2028 760 2093 expressa
775 2011 797 2075 J
800 2029 862 2076 esu
880 2010 1013 2076 Christi
1030 2012 1220 2078 Ecclesiae

96 2111 318 2182 Institutoris
335 2118 534 2198 voluntate,
544 2120 608 2204 jus
623 2123 660 2184 et
676 2118 837 2204 officium,
871 2119 1039 2182 nimirum
1067 2121 1223 2205 facultas

98 2226 132 2283 et
146 2244 275 2288 munus
290 2240 354 2288 seu
369 2232 522 2308 potestus
541 2234 650 2307 atque
667 2225 786 2290 missio
802 2241 952 2306 gregem
980 2211 1233 2290 christianum*

98 2329 282 2412 pascendi,
296 2336 446 2396 cunctos
463 2330 589 2395 fideles
602 2330 868 2412 sanctificandi,
883 2349 1008 2396 omnes
1018 2337 1147 2414 gentes
1160 2332 1223 2396 do·

98 2435 213 2517 cendi,
232 2443 433 2518 praecepta
450 2435 575 2501 divina
592 2435 796 2502 Salvatoris
815 2438 1054 2520 proponendi,
1082 2457 1223 2506 eorum·

97 2557 163 2622 que
179 2543 456 2607 observantiam
475 2542 639 2625 urgendi,
665 2549 702 2608 et
730 2545 911 2628 usquead
940 2547 1219 2612 consummatio·

97 2663 175 2714 nem
194 2650 463 2714 saeculinovas
481 2651 580 2730 leges
596 2651 726 2715 edendi
744 2669 809 2734 pro
824 2657 927 2716 recta
936 2655 1217 2734 gubernatione,

97 2755 264 2822 ordinata
275 2757 589 2822 administratione
618 2763 654 2824 et
669 2764 847 2840 perpetua
865 2759 1037 2822 firmitate
1062 2759 1218 2822 societa-

96 2861 138 2927 tis
155 2863 352 2946 religiorae
369 2884 392 2930 a
408 2862 551 2929 Christo
568 2863 722 2929 Domino
735 2863 921 2948 fundatae,
943 2865 1051 2946 juxta
1067 2865 1218 2930 diversa

96 2975 310 3054 temporum,
327 2971 491 3037 locorum
508 2989 552 3036 ao
567 2989 690 3038 rerum
712 2971 898 3054 adjuncta.
915 2971 1031 3054 Igitur
1051 2975 1214 3054 potestas

95 3093 265 3160 suprema
277 3083 314 3142 et
326 3077 493 3160 legifera,
506 3095 552 3142 ex
567 3079 665 3143 iacto
684 3079 841 3162 positivo
862 3096 926 3143 seu
943 3077 1069 3142 divina
1082 3077 1218 3144 Christi

96 3182 329 3267 institutione,
343 3185 428 3267 jnre
442 3187 589 3268 proprio
604 3186 672 3250 soli
694 3186 883 3252 Ecclesiae
900 3187 1085 3268 competit,
1100 3187 1217 3252 omui-

96 3305 139 3354 no
170 3291 322 3357 exclnso
354 3309 581 3376 quocumque
597 3291 670 3356 alio
694 3292 859 3374 subJeoto
873 3293 981 3374 laico,
997 3295 1077 3357 siva
1091 3311 1217 3375 corpo·

96 3411 132 3460 re
148 3397 320 3478 fidelium,
337 3397 417 3462 sive
431 3398 637 3480 principatu
653 3397 767 3477 civili;
786 3398 965 3481 siquidem
994 3407 1069 3464 tum
1085 3399 1213 3463 fideles

95 3504 326 3587 saupopulus
351 3503 582 3586 christianus,
616 3510 690 3570 tum
722 3503 957 3587 magistratus
985 3507 1210 3586 saeculares,

95 3611 236 3676 etiarnsi
249 3611 410 3692 supremi
439 3611 500 3676 vel
517 3628 622 3693 reges
650 3616 714 3676 aut
729 3611 969 3697 imperatores
1001 3612 1087 3694 sint,
1114 3611 1213 3676 intra

94 3717 336 3782 conditionem
350 3733 448 3782 mere
465 3717 634 3782 laicalem
647 3717 893 3783 continentur.

180 3822 234 3888 23³
278 3824 393 3890 Praei
420 3822 675 3909 Apostolorum,
688 3824 749 3908 qui
766 3824 803 3890 vi
821 3824 1014 3909 potestatis
1031 3843 1054 3888 a
1072 3822 1216 3888 Christo

93 3926 499 4012 immediatsaeoeptae,
514 3931 634 4014 prouti
647 3921 911 4015 saepenumero
927 3931 965 3996 in
982 3931 1056 3996 suis
1073 3929 1216 4014 Episto-

94 4033 136 4100 lis
148 4038 379 4118 attestantur,
397 4053 463 4117 pro
481 4038 735 4102 constituenda
753 4037 1013 4121 dilatandaque
1045 4037 1214 4103 Ecclesia

93 4141 222 4222 priscis
253 4141 327 4206 illis
344 4143 579 4225 temporibus,
597 4145 668 4228 ipsi
698 4145 780 4227 soli,
810 4144 897 4210 licet
928 4145 995 4209 sub
1029 4144 1070 4210 B.
1104 4144 1213 4209 Petro

94 4248 294 4332 Apostolici
310 4245 463 4330 Oollegii
475 4249 645 4335 Principe
661 4257 698 4317 et
712 4251 869 4316 omnium
888 4247 1021 4316 Ovium
1037 4249 1214 4334 Supremo
