3120 4988
559 449 715 509 ..rr-

95 599 163 677 tcm;
191 599 320 662 natura
334 601 453 662 autem
464 599 574 664 habet
587 600 728 680 partem
741 593 958 660 rationalem
972 597 1007 658 ct
1021 593 1198 658 infirmam

94 722 145 768 seu
161 707 384 787 corruptam,
417 705 571 788 ideoque
587 702 839 787 inquirendum
857 707 911 766 est
928 704 1046 766 utrum
1063 702 1198 766 iactum

95 817 350 876 controversum
391 829 412 874 a
443 812 692 877 rationalitate
719 810 780 875 vel
808 809 853 874 ab
881 809 1091 874 infirmitate
1119 827 1199 891 pro·

96 917 196 982 cedat.
213 917 244 984 N
248 937 317 983 unc
335 935 424 984 uero
444 923 669 1002 compertum
684 921 739 983 est
757 923 928 1001 quantam
944 935 989 980 ex
1004 916 1076 980 alia
1093 919 1199 1000 parte

95 1043 219 1108 semper
235 1026 423 1091 exstitisse
444 1027 680 1109 cupiditatem
699 1024 907 1090 dominandi
930 1025 966 1088 in
993 1023 1197 1089 hominibus

95 1135 295 1217 potentibus,
314 1136 531 1218 praesertim
557 1153 638 1200 cum
670 1134 867 1218 Imperium
900 1133 1118 1214 obtinerent;
1153 1150 1198 1199 ex

95 1241 154 1305 alia
169 1259 253 1306 vero
270 1242 468 1306 maximam
488 1259 568 1307 esse
602 1241 789 1324 religionis
806 1240 1007 1306 efficaciam
1038 1241 1073 1305 in
1091 1241 1199 1306 robure

95 1346 253 1430 humanis3
273 1349 358 1414 hino
374 1349 530 1415 studium
549 1353 658 1432 utque
675 1352 828 1413 conatus
840 1348 1099 1432 Imperantium
1130 1349 1199 1413 sibi

95 1456 256 1522 tribuendi
273 1456 471 1539 primatum
488 1457 524 1521 in
552 1456 709 1539 negotiis
736 1456 924 1538 religionis
954 1455 1197 1538 moderandis,

94 1561 134 1624 ita
148 1569 182 1625 ut
198 1563 341 1646 aegrius
355 1565 494 1629 ferrent
510 1562 605 1646 quod
624 1563 796 1646 Episcopi
810 1563 945 1628 Romae
958 1562 1099 1626 titulum
1110 1561 1199 1626 Pon·

94 1670 183 1735 tiliois
198 1672 442 1752 ostenderent,
467 1689 578 1754 quam
596 1671 691 1755 quod
705 1671 853 1754 tyranni
869 1672 905 1734 in
922 1657 1120 1752 prouinciis
1138 1671 1200 1734 im-

94 1779 214 1858 perium
232 1783 452 1861 usurparent
462 1828 470 1862 ‚
490 1780 542 1843 uti
560 1779 684 1861 ajebat
699 1778 846 1843 saeculo
860 1778 914 1842 ΙΙΙ
927 1777 961 1843 S.
977 1777 1117 1858 Martyr
1134 1775 1200 1859 Cy·

95 1885 236 1965 prianus:
267 1885 349 1954 Cum
371 1887 554 1974 Tyrannus
582 1889 689 1954 multo
711 1889 907 1973 patient-ius
929 1895 960 1953 et
988 1886 1201 1952 tolerabilius

94 1994 214 2060 audiret
226 1995 339 2060 levari
355 1996 523 2061 aduersus
535 2017 570 2061 se
581 1996 755 2061 aemulum
770 1997 982 2080 Principem,
998 2015 1099 2079 quum
1125 2015 1200 2059 cen·

95 2101 179 2165 stitur'
197 2101 325 2167 Itomae
339 2103 408 2168 Dei
421 2103 640 2169 Sacerdotem
658 2104 718 2185 (1).

170 2207 218 2272 3.⁰
263 2209 438 2290 Tandem,
458 2212 638 2292 majorem
654 2211 923 2291 transmisimus,
938 2209 1006 2274 hoc
1032 2213 1095 2290 est,
1106 2209 1202 2291 apud

95 2312 247 2381 Ethnioos
265 2322 483 2400 potestatem
507 2319 716 2400 religiosam
729 2336 934 2402 supremam
962 2335 1073 2400 penes
1102 2318 1201 2382 Prin·

95 2423 181 2504 cipes
195 2443 336 2508 semper
352 2425 479 2506 fuisse3
501 2427 634 2490 etenim
654 2445 699 2490 ex
716 2426 867 2490 historia
886 2429 1041 2508 eorrstat,
1066 2427 1118 2490 uti
1152 2426 1200 2489 lo-

96 2535 230 2610 quantes
247 2532 291 2597 de
309 2532 439 2597 officiis
456 2537 493 2597 et
523 2533 665 2615 juribus
698 2533 833 2616 Regum
868 2551 957 2616 erga
988 2534 1201 2616 religionem

96 2639 280 2704 naturalem
298 2639 642 2723 demonstravimuS,
663 2659 735 2705 non
753 2640 844 2705 adeo
863 2647 1001 2705 certum
1034 2645 1070 2704 et
1102 2639 1201 2704 indu-

95 2742 230 2811 bitatum
248 2764 329 2812 esse
346 2746 509 2812 Summos
528 2749 758 2832 imperantes
791 2752 914 2814 aetate
944 2749 1093 2831 antiqua
1121 2767 1201 2813 con-

96 2855 219 2918 stanter
235 2856 370 2937 potitos
401 2855 513 2920 fuisse
535 2855 643 2921 rebus
669 2856 847 2939 religiosis
873 2861 909 2920 et
934 2856 1202 2920 sacerdotalem

96 2963 295 3038 potestatem
327 2963 549 3044 exercuisse3
575 2982 659 3027 nam
692 2947 900 3046 aliquando,
932 2963 998 3028 sub
1026 2962 1202 3046 regimine

97 3069 248 3149 populari
265 3069 477 3152 praecipue,
496 3068 631 3134 Summi
644 3068 860 3134 Sacerdotes
875 3087 896 3133 a
928 3069 1202 3151 Magistratibus

97 3169 262 3256 Supremis
280 3176 442 3241 distincti
459 3181 577 3259 erant,
598 3183 709 3261 atque
727 3177 773 3241 ab
797 3176 885 3259 ipsis
902 3176 1200 3258 independentcs3

97 3279 410 3349 alibi'consuebsnt
422 3284 539 3366 Reges
557 3283 717 3348 adscribi
731 3283 885 3366 collegio
912 3283 1144 3366 sacerdotali,
1165 3289 1203 3349 ut

98 3388 202 3453 omnia
219 3390 264 3455 ad
277 3407 316 3455 se
329 3391 518 3455 traherent
536 3389 753 3455 dominando
770 3392 805 3455 in
820 3391 1045 3473 sacerdotes,
1065 3409 1109 3455 ea
1123 3410 1202 3473 per-

97 3497 248 3562 suasione
265 3497 375 3580 ducti,
395 3502 434 3562 ut
449 3499 527 3563 solo
544 3498 645 3564 civili
663 3499 871 3582 principatu
890 3498 1027 3581 absque
1060 3498 1201 3562 Pontili·

98 3607 169 3666 catu
181 3604 375 3670 sacerdotii
392 3605 514 3670 munia
545 3605 645 3670 obire
676 3605 886 3688 neutiquam
915 3610 1077 3687 possent,
1108 3604 1204 3687 quod

99 3714 184 3776 certe
201 3713 373 3796 originem
393 3712 566 3794 divinam,
587 3714 843 3778 excellentiam
875 3717 912 3777 et
944 3714 1203 3796 suprematiam

99 3821 271 3894 potestatis
288 3820 484 3903 religiosae
518 3821 759 3903 contraipsos
788 3820 1021 3917 adversarios
1054 3821 1201 3885 evincit.

175 3923 311 4008 Object.
327 3926 474 3992 3.⁸Non
492 3929 608 3992 solum
623 3929 869 4010 Imperatores
901 3927 1053 4010 Pagani,
1078 3945 1204 3992 verum
1309 4015 1310 4020 Ἰ

100 4029 196 4098 etiam
212 4034 280 4117 ipsi
297 4034 484 4118 Principes
503 4033 701 4100 Christiani
718 4053 798 4100 sese
828 4035 864 4099 in
891 4035 999 4100 rebus
1025 4034 1203 4118 religiosis

101 4201 266 4217 -.--.-.

159 4353 193 4419 (l)
226 4353 315 4423 Epist.
335 4357 378 4408 55.
