3120 4988
375 340 434 384 xv1

333 450 532 525 insectati
552 469 708 542 sumus,
731 448 909 522 formam
930 466 1080 543 nempe
1096 455 1185 520 tum
1221 439 1455 550 syllopisti-

334 597 425 652 cam
459 584 548 648 tum
569 565 870 665 academicam,
885 571 1010 666 juxta
1025 592 1166 646 rerum
1198 580 1395 646 naturam
1411 582 1454 646 et

334 697 718 795 argumentationis
746 697 1123 794 opportunitatem,
1142 697 1451 793 perspicuitati,

335 823 575 920 integritati
606 829 680 898 aut
713 820 928 896 efficaciae
961 821 1239 917 expositionis
1290 841 1457 917 semper

334 947 614 1022 consulentes.

442 1070 646 1144 Monitum
666 1069 837 1142 tandem
857 1067 1050 1142 volumus
1065 1067 1245 1143 lectores
1265 1069 1456 1144 ordinem

340 1194 528 1290 logicum
549 1193 1005 1290 diligenterservatum
1028 1214 1118 1267 esse
1149 1193 1194 1266 in
1227 1200 1319 1266 tota
1348 1195 1458 1268 serie

337 1319 461 1412 huJus
481 1317 635 1414 operis,
658 1317 720 1391 ita
738 1326 784 1389 ut
804 1316 906 1391 ordo
926 1316 1017 1413 ipse
1036 1337 1112 1413 pro
1132 1316 1456 1391 demonstratio·

334 1464 388 1518 ne
408 1442 531 1534 foret,
555 1463 609 1516 ex
628 1461 710 1538 quo
731 1442 928 1516 nimirum
942 1442 1213 1516 manifestum
1241 1441 1362 1516 fieret
1395 1443 1456 1515 in-

337 1580 560 1664 sequentes
577 1565 885 1663 propositiones
896 1587 999 1640 vera
1010 1587 1102 1642 esse
1112 1566 1457 1665 praecedentium

336 1691 575 1767 corollaria.

442 1816 570 1890 Plora
600 1815 804 1908 invenies,
828 1815 955 1890 chare
992 1817 1139 1909 lector,
1163 1817 1457 1894 emendatione

339 1941 487 2038 digna;
510 1941 745 2015 doctrinam
774 1962 949 2036 sequere
983 1947 1025 2014 et
1045 1941 1269 2016 veritatem
1298 1941 1457 2039 ample·

341 2075 470 2159 ctere;
489 2066 665 2139 formam
683 2073 824 2139 autem
840 2074 1060 2140 contemne
1075 2075 1117 2139 et
1132 2085 1295 2141 errores
1311 2065 1456 2160 rejice,

340 2189 420 2262 tibi
440 2189 615 2285 inquam
635 2209 728 2262 cum
744 2188 927 2262 Maximo
944 2188 1159 2263 Ecclesiae
1191 2187 1375 2264 Doctore
1412 2189 1456 2265 S.

337 2311 589 2407 Augustino:
614 2305 733 2412 Quae
756 2333 957 2387 veruesca
975 2306 1258 2414 perspecerie,
1282 2319 1385 2408 teuc,
1420 2319 1462 2390 et

335 2431 555 2512 Ecclesiae
589 2427 830 2512 Catholicae
850 2429 1002 2534 tribue,
1021 2459 1129 2539 qaae
1142 2429 1273 2535 falsa,
1293 2461 1459 2540 respue,

335 2564 375 2635 et
390 2553 496 2635 mitt
509 2553 585 2662 qui
593 2552 713 2636 tomo
727 2581 821 2636 sam
841 2555 1024 2662 iquoscm
1040 2583 1148 2662 qaae
1163 2553 1305 2652 dubia,
1322 2557 1459 2658 crede,

336 2677 470 2760 donec
484 2690 559 2760 aot
574 2679 815 2786 respuenda
835 2705 931 2771 esee,
952 2689 1028 2760 cat
1043 2707 1143 2760 acra
1158 2707 1255 2780 esse,
1268 2692 1460 2763 autocra-

331 2830 413 2910 per
433 2802 647 2885 credenda
668 2831 765 2902 esee,
787 2802 855 2884 vel
871 2804 983 2884 roae
1000 2803 1159 2903 doceat,
1189 2805 1257 2886 oet
1285 2806 1460 2913 pracci-

330 2928 430 3033 piat
451 2927 700 3008 auctoritas.
719 2925 898 3008 Intende
916 2926 1051 3034 ipitur
1070 2927 1116 3008 ia
1135 2927 1237 3011 haec
1270 2957 1376 3038 qaae
1394 2959 1460 3012 se-

339 3064 543 3161 quantur,
561 3052 789 3161 dilipeater
807 3065 845 3134 et
857 3052 945 3160 pie,
966 3065 1173 3161 potantum
1191 3065 1324 3162 potes:
1351 3053 1461 3136 tales

337 3178 452 3258 enim
476 3173 657 3282 adjaceat
672 3175 790 3258 Deae
807 3183 879 3273 (ll.

445 3305 572 3379 Faxit
593 3305 705 3380 Deus
726 3316 962 3403 postremus
982 3307 1049 3381 hic
1070 3308 1217 3404 exigui
1237 3308 1319 3381 mei
1340 3307 1459 3404 inge·

336 3430 396 3524 nii
417 3430 579 3503 fructus
599 3431 870 3504 intensiorem
898 3453 1084 3504 amorem
1105 3451 1209 3528 erga
1224 3429 1460 3507 Ecclesiam

338 3553 507 3650 gignat,
531 3554 762 3650 pleniorem
793 3552 927 3626 lucem
963 3555 1006 3628 in
1038 3563 1200 3630 mentes
1233 3555 1460 3653 discipulo·

337 3699 430 3751 rum
451 3678 656 3768 effundat,
681 3677 1006 3772 solidioremque
1025 3677 1269 3754 firmitatem
1288 3680 1332 3753 in
1360 3679 1461 3754 fidei

340 3803 615 3900 professione,
639 3801 859 3898 religionis
884 3802 1154 3877 observantia
1191 3813 1233 3879 et
1271 3785 1461 3879 Romano

338 3925 534 4000 Pontifici
568 3925 824 4000 adhaesione
844 3928 1005 4001 cunctis
1038 3927 1266 4004 lectoribus
1287 3929 1457 4004 afferat.

336 4049 497 4059 .—

408 4125 447 4192 (1)
484 4119 530 4175 De
547 4121 619 4178 Vera
636 4119 778 4192 Relipioae
789 4124 827 4187 X,
839 4123 881 4176 20.

765 4353 1033 4410 -dssir-
