3120 4988
819 402 975 461 ..53-

333 551 391 612 tus
409 549 445 612 et
462 545 729 630 inadacquatus
742 547 804 612 lini
818 545 942 612 ultimo
957 551 994 612 et
1006 563 1174 630 supremo
1187 563 1449 630 praeponeren-

333 658 405 736 tur,
423 672 516 738 quae
534 655 655 720 omnia
672 673 780 738 quam
797 673 819 719 a
836 659 937 720 recto
955 653 1081 720 ordine
1097 671 1163 738 per
1188 653 1305 736 ipsum
1323 653 1450 718 Aucto·

333 777 411 826 rom
440 766 594 826 naturae
611 762 748 826 intento
767 761 888 826 aliena
905 761 988 844 sint,
1009 779 1113 826 nemo
1132 765 1187 826 est
1218 759 1280 844 qui
1313 779 1382 826 non
1399 761 1450 826 vi-

334 868 431 934 deat.

422 975 599 1042 Secundae
616 977 809 1061 hypothesi
826 977 1026 1060 suffragari
1051 978 1253 1062 nequimus,
1286 977 1453 1061 quonium

334 1099 402 1148 neo
418 1086 564 1148 exstant
581 1101 649 1148 nec
665 1085 809 1168 concipi
826 1085 953 1150 valent
971 1083 1065 1148 duae
1096 1083 1292 1149 societates
1323 1089 1453 1149 natura

335 1189 529 1254 distinctae
543 1193 579 1254 et
592 1191 686 1255 inter
698 1209 738 1256 se
752 1197 966 1273 extraneae,
981 1209 1075 1275 quae
1090 1192 1255 1257 absolute
1265 1208 1454 1277 supremae

335 1298 482 1362 censeri
494 1298 648 1380 possint,
669 1297 826 1382 eoquod
847 1298 1068 1364 excellentia
1084 1303 1122 1363 ot
1139 1299 1274 1381 gradus
1306 1299 1453 1364 socleta-

335 1409 422 1486 tum,
434 1404 541 1486 juxta
560 1405 740 1489 prIncipia
761 1405 868 1469 toties
883 1411 1096 1488 memorata,
1116 1407 1161 1470 ab
1176 1424 1301 1471 aarum
1315 1407 1383 1470 line
1395 1404 1453 1470 de-

333 1521 533 1594 sumuntur,
553 1513 671 1596 sitque
690 1514 833 1594 penitus
851 1513 1057 1595 imposibile
1075 1514 1242 1579 societati
1275 1513 1456 1578 hominum

334 1618 423 1683 duos
457 1619 545 1684 lines
565 1619 730 1684 absolute
748 1638 937 1702 supremos
953 1621 1156 1703 assignare.

422 1725 527 1806 Hinc,
547 1729 713 1810 quamvis
731 1729 894 1792 Societas
913 1729 1033 1792 civilis
1067 1728 1250 1792 catholica
1268 1745 1337 1792 non
1355 1725 1454 1790 diffe-

335 1841 392 1899 rat
405 1835 634 1900 materialiter
648 1855 669 1899 a
683 1835 864 1900 Societate
879 1837 1144 1916 ecclesiastica,
1161 1837 1245 1918 quia
1257 1837 1395 1900 ratione
1404 1855 1455 1898 ao·

334 1943 466 2008 ciorum
487 1941 613 2006 iisdem
633 1944 802 2008 membris
818 1931 964 2007 constat
981 1960 1025 2007 ac
1043 1941 1209 2007 Ecclesia
1227 1939 1372 2022 Christi,
1404 1947 1455 2004 ta·

335 2065 417 2114 men
435 2048 667 2132 distinguitur
679 2050 881 2136 formaliter
896 2068 960 2114 seu
974 2049 1116 2115 ratione
1127 2050 1221 2137 finis,
1237 2047 1456 2132 quandoqui-

335 2155 415 2222 dem
432 2156 560 2222 eadem
586 2157 778 2223 multitudo
806 2157 990 2223 hominum
1007 2160 1073 2223 sub
1090 2159 1242 2241 imperio
1269 2155 1457 2240 potestatis

335 2264 454 2329 civilis
468 2265 683 2330 felicitatem
701 2266 942 2348 temporalem
956 2265 1117 2348 inquirit,
1129 2265 1308 2349 simulque
1322 2268 1387 2328 sub
1397 2263 1457 2328 im·

335 2373 437 2454 parto
453 2370 641 2438 Ecclesiae
659 2374 772 2438 vitam
791 2379 980 2440 aeternam
993 2375 1236 2459 persequitur.
1255 2371 1358 2437 Nunc
1371 2389 1457 2438 vero

337 2479 550 2562 cuicumque
567 2481 748 2563 patethos
765 2480 854 2546 duos
872 2483 961 2546 fines
990 2499 1178 2564 supremos
1207 2497 1286 2545 esse
1315 2479 1458 2544 minime

334 2603 454 2670 posse,
472 2587 536 2652 sed
554 2589 717 2654 ultimum
734 2595 844 2672 atque
870 2607 1090 2672 supremum,
1109 2605 1252 2671 nempe,
1271 2588 1385 2652 vitam
1402 2604 1457 2650 ae·

336 2698 490 2777 ternam,
509 2695 677 2761 felicitati
695 2713 739 2762 ac
756 2696 857 2762 vitae
873 2696 1067 2779 temporali
1082 2696 1290 2760 necessario
1307 2711 1457 2778 praepo·

334 2802 535 2868 ridebere.

423 2909 517 2976 Hinc
533 2910 643 2976 etiam
661 2909 895 2992 consequitur
919 2909 1133 2975 societatem
1158 2909 1304 2974 civilem
1336 2907 1457 2973 catho-

335 3017 444 3082 licam
463 3019 514 3083 Ita
532 3018 701 3083 felicitati
717 3019 910 3101 temporali
928 3016 1166 3102 adipiscenda
1180 3017 1349 3082 estudere
1362 3021 1459 3082 tene·

335 3124 379 3206 ri,
404 3128 442 3188 ut
469 3125 677 3209 prosecutio
708 3124 896 3190 felicitatis
929 3131 1104 3190 aeternae
1132 3143 1201 3190 noc
1218 3127 1459 3208 postponatur

335 3248 404 3296 nec
419 3233 637 3316 negIIgatur,
652 3233 715 3298 sed
730 3233 850 3298 omnia
866 3233 1082 3315 temporaIIa
1101 3232 1147 3296 ad
1164 3233 1360 3298 coelestem
1378 3233 1459 3298 bea·

337 3340 525 3406 titudinem
540 3341 606 3405 sub
620 3340 796 3423 regimine
814 3339 1002 3405 Ecclesiae
1025 3339 1257 3405 obtinendam
1275 3343 1375 3405 recte
1405 3357 1458 3404 or-

335 3445 517 3530 dinentur,
537 3448 795 3531 quodquidam
814 3448 965 3513 mIrilice
985 3452 1020 3513 et
1055 3448 1191 3514 diserte
1223 3448 1374 3532 exponit
1405 3465 1459 3512 sa-

335 3555 580 3637 pientissimus
597 3555 766 3622 Pontifex
779 3555 853 3622 Leo
873 3555 963 3622 XIII
980 3557 1080 3622 hisce
1112 3557 1250 3624 verbis:
1287 3555 1459 3622 “Civilem

334 3661 445 3742 igitur
461 3663 684 3746 societatem,
716 3664 896 3729 communi
924 3664 1074 3730 utilItati
1107 3669 1242 3748 natam,
1270 3662 1460 3728 intuenda

334 3770 581 3853 prosperitate
609 3771 834 3853 reipublicae
862 3789 1012 3836 necesse
1047 3775 1102 3836 est
1127 3772 1180 3836 sic
1197 3771 1388 3837 consulere
1414 3770 1459 3835 ci-

335 3875 453 3958 vibus,
481 3881 519 3941 ut
552 3877 747 3942 obtinendo
781 3877 1091 3962 adipiscendoque
1125 3878 1332 3944 summoilli
1353 3881 1460 3962 atque

335 3983 539 4049 inmutabili
568 3983 663 4049 bono
688 3983 784 4066 quod
807 3989 938 4067 sponte
963 3986 1151 4067 appetunt,
1183 4001 1254 4049 non
1280 3983 1384 4048 modo
1410 3983 1459 4048 ni·

335 4089 577 4175 hil-importet
602 4108 759 4174 unquam
783 4091 1013 4174 incommodi,
1033 4090 1097 4156 sed
1122 4109 1246 4156 omnes
1270 4109 1457 4175 quascum-

336 4215 406 4280 que
431 4199 545 4282 posslt
569 4197 862 4284 opportunitates
896 4199 1044 4282 afferat;
1079 4217 1233 4282 quarum
1262 4197 1459 4282 praecipua
1495 4228 1498 4242 ›

336 4311 403 4388 est,
434 4312 472 4372 ut
496 4307 600 4373 detur
624 4324 738 4392 opera
767 4307 936 4391 reIIgioni
961 4310 1089 4373 sancte
1107 4307 1358 4389 inviolatoque
1387 4322 1459 4370 ser·
