3030 4990
548 469 704 528 ,95-

82 613 107 677 si
119 615 310 697 regalistae
329 620 366 680 et
383 613 505 696 aulici,
525 612 702 678 declarati
719 614 778 680 vel
804 614 953 698 larvati,
987 615 1094 698 rigidi
1128 616 1189 681 vel

82 723 155 806 laxi,
174 725 231 807 qui
259 723 334 788 suis
368 723 514 807 placitis
546 725 582 786 et
613 723 863 788 invasionibus
897 723 1188 808 ultraregalismo

83 837 134 893 aut
149 831 343 896 recentiori
359 831 581 895 caesarismo
599 831 696 894 viam
715 831 826 895 latam
841 830 1189 913 aperuere—Eccle-

82 938 126 1000 sia
141 943 174 1002 et
190 938 343 1003 Romani
361 937 554 1002 Pontifices
572 937 776 1020 apostolica
794 939 964 1002 firmitate
989 945 1025 1003 et
1051 939 1190 1003 invicta

82 1044 277 1111 tortitudine
294 1045 440 1128 iniquas
458 1045 735 1126 praetensiones
761 1049 797 1110 et
815 1046 996 1111 violentas
1025 1045 1190 1110 intrusio·

82 1169 136 1216 nes
151 1151 275 1218 horum
289 1211 291 1214 .
305 1152 547 1218 recentiorum
565 1147 720 1216 bostium
748 1171 836 1218 suae
855 1153 1035 1218 libertatis
1064 1171 1190 1236 perpe·
1280 1145 1294 1170 '⁴

82 1265 132 1326 tuo
147 1261 387 1345 propulsavit;
407 1261 442 1325 in
455 1261 624 1351 conflictu
639 1261 871 1344 Liberaliamr',
888 1263 969 1349 fiais
982 1280 1044 1326 seu
1059 1263 1192 1326 bonum

82 1369 257 1450 spirituale
291 1371 337 1434 ob
370 1369 425 1434 eui
452 1369 718 1451 praestantiam
750 1386 894 1452 semper
926 1370 1190 1452 proclamatum

82 1476 196 1536 contra
208 1471 276 1538 hoc
294 1477 518 1556 postremum
536 1476 709 1554 systema,
730 1473 895 1555 plurimis
909 1473 1095 1537 erroribus
1113 1491 1191 1538 sca-

83 1579 273 1661 teneatque
290 1578 504 1643 seductione
515 1578 759 1661 periculisque
775 1579 933 1662 plenum,
950 1580 1017 1644 fuit
1030 1579 1118 1661 teri,
1139 1585 1193 1644 est

82 1684 180 1769 lodie,
198 1687 339 1769 eritque
355 1667 455 1751 mnae
472 1686 672 1750 auctoritas
691 1703 862 1768 suprema
878 1690 914 1751 et
932 1686 1056 1752 divina
1070 1686 1192 1752 Eccle-

82 1791 147 1854 siae
166 1792 286 1857 missio
315 1792 351 1856 in
368 1790 544 1873 docenda,
561 1791 736 1875 regenda,
752 1793 985 1858 informanda
1007 1798 1043 1859 et
1061 1796 1192 1859 consti-

82 1900 204 1964 tuenda
220 1900 396 1964 societate
422 1900 636 1981 christiana,
655 1917 757 1964 suam
783 1901 998 1982 doctrinam,
1029 1902 1130 1984 leges
1157 1907 1192 1966 et

82 2015 268 2091 praecepta
285 2007 506 2090 imponendo
521 2011 595 2071 tum
611 2008 770 2092 familiis,
792 2012 866 2073 tum
885 2010 1108 2092 civitatibus,
1119 2016 1192 2074 tum

83 2115 288 2197 nationibus,
309 2115 388 2179 sive
405 2115 551 2197 regibus
569 2120 606 2178 et
623 2115 859 2198 principibus,
879 2117 958 2180 sive
983 2117 1124 2181 civibus
1158 2124 1194 2182 et

83 2222 234 2304 subditis,
255 2229 329 2286 tam
345 2222 530 2304 guberniis
549 2240 656 2306 quam
672 2223 1123 2316 populis-opportrruistae
1137 2241 1192 2289 ae-

83 2329 450 2425 stimanturquotquot
471 2329 622 2399 audiunt
652 2330 993 2400 catholico-liberales
1011 2330 1193 2414 (Doupan

83 2434 170 2519 lond,
184 2436 483 2519 Montalemberg,
496 2437 661 2536 *Broglia
677 2435 825 2519 Gratry‚
853 2438 987 2520 aliique
1005 2440 1106 2503 multi
1137 2446 1194 2503 sat

84 2546 163 2630 uoti)
183 2551 218 2609 et
235 2547 289 2610 illi
310 2547 370 2629 qui
387 2547 521 2610 nostris
554 2545 680 2609 diebus
704 2544 981 2613 Americaaz'staa
1013 2550 1193 2630 cognomi-

84 2652 419 2718 nantur-Ecclesia
432 2657 581 2718 cunctos
595 2671 738 2718 errores
752 2653 865 2718 inhoc
880 2654 1074 2718 novissimo
1087 2660 1123 2718 et
1137 2655 1194 2719 de-

85 2760 232 2826 testabili
248 2767 450 2844 systemate
469 2761 749 2844 comprehensos
763 2763 800 2826 in
825 2761 1012 2846 Syllabum
1047 2781 1194 2844 conges-

85 2869 135 2952 sit,
153 2878 188 2935 et
200 2872 236 2936 in
254 2872 522 2955 propositiones
540 2872 741 2936 clarissime
756 2873 966 2936 distributos
984 2872 1196 2954 singillatim

86 2993 142 3056 per
157 2979 406 3044 venerabilem
419 2979 629 3044 Pontificem
643 2979 743 3046 Pium
764 2979 816 3044 IX
847 2979 1019 3062 explicite
1049 2979 1196 3061 damna·

87 3085 145 3164 rit,
162 3104 206 3151 ac
224 3086 380 3169 denique
397 3087 684 3152 recentissimam
708 3089 875 3169 formam,
896 3105 989 3170 quae
1019 3085 1217 3153 America·'

86 3193 206 3258 remmus
239 3197 482 3276 nuncupatur,
519 3211 583 3276 per
615 3196 795 3260 actualem
813 3195 1023 3260 Pontificem
1039 3195 1197 3260 Leonem

87 3296 166 3364 ΧΙΠ
177 3301 224 3381 (l)
241 3317 360 3383 nuper
373 3301 598 3382 reprobavit.

164 3407 217 3472 44.
265 3405 469 3472 Secundum
486 3408 716 3471 corollarium
736 3408 776 3472 de
795 3408 907 3494 officio
924 3407 1039 3472 Stalai
1064 3409 1192 3472 incum-

87 3511 169 3578 bente
186 3515 404 3580 deserviendi
417 3514 592 3580 Ecclesiae
606 3516 709 3580 etiam
719 3515 973 3599 sauppeditaado
988 3515 1102 3578 acedia
1117 3522 1194 3579 tent-

81 3623 214 3700 parulia
231 3621 367 3705 triplici
384 3621 617 3685 fundamento
637 3622 812 3702 innititur,
832 3621 1018 3698 videlicet,
1036 3620 1197 3685 subordi-

87 3727 213 3794 nationi
231 3729 433 3794 indirectas
449 3728 635 3793 societatis
650 3728 781 3810 civilis,
798 3733 953 3792 naturae
967 3727 1047 3791 tiuis
1064 3735 1100 3792 ct
1114 3746 1196 3792 cou-

87 3830 200 3900 ditiuni
214 3837 407 3902 sociorum.

166 3943 425 4012 Sobordinatio:
445 3941 612 4008 Ecclesia
629 3944 724 4007 euim
742 3946 797 4008 est
812 3943 968 4008 societas
984 3942 1066 4023 ¹iure
1094 3959 1196 4024 supe-

123 4139 259 4148 „quw

92 4331 188 4464 might
222 4331 310 4402 Epist.
319 4333 356 4387 ad
369 4330 552 4386 cardinalem
563 4329 704 4398 Gibbone,
717 4329 823 4382 Romae
835 4328 882 4382 die
896 4333 928 4381 'Ab
937 4325 1062 4398 Jauuarii
1073 4327 1141 4380 1899
1154 4343 1200 4380 ex·
