3034 4990
517 401 692 459 -317-

10 567 12 628 3
79 541 312 638 toalliximus
331 546 667 632 autemjuaetalepee
683 544 822 632 hujusce
835 545 987 626 virtutis,
1003 543 1173 628 quoniam

10 707 12 730 ,
78 648 215 714 charitas
227 667 301 714 non
313 651 500 717 constituit
514 651 888 739 officiumjaridicum,
903 652 967 716 sed
980 669 1079 718 mere
1092 651 1174 716 elbi-

77 758 376 840 cumentmorale,
401 756 627 842 proindeque
659 760 743 843 peti,
775 757 921 824 minime
954 776 1042 824 vero
1077 758 1175 842 exigi

10 867 12 942 ἶ
75 868 187 946 potest.

10 951 12 1004 3
147 970 370 1036 Postremum
383 970 453 1038 hoc
483 973 700 1057 principium
732 973 987 1056 complectitur
1018 971 1176 1037 officium

70 1077 239 1160 positivum
257 1085 293 1143 et
309 1097 498 1144 commune
520 1081 746 1146 anctoritate
771 1081 992 1163 proveniens
1021 1085 1057 1144 et
1089 1097 1174 1144 non-

74 1201 249 1268 numquam
266 1187 461 1252 societates
479 1187 516 1252 in
534 1188 607 1252 suis
621 1187 861 1252 relationibus
875 1187 1039 1270 adigens

148 1291 221 1356 197.
270 1292 326 1357 Ex
339 1294 516 1375 praelatis
530 1295 719 1378 principiis
731 1293 1177 1377 consequiturdoctrinam

71 1397 248 1476 juridicam
281 1405 425 1464 mutuas
457 1401 674 1466 societatum
705 1401 950 1484 inaequalium
979 1399 1176 1466 relationes

74 1504 286 1571 definientem
303 1506 488 1590 duplicem
506 1511 648 1592 partem
677 1509 883 1592 complecti,
903 1507 1113 1590 negativam
1141 1511 1177 1570 et

10 1673 11 1676 ,
73 1613 326 1695 affirmativam
345 1617 504 1701 negativo
518 1616 649 1681 asserit
663 1621 829 1682 neutram
843 1616 1057 1680 societatem
1070 1613 1175 1678 debe·

73 1737 104 1784 re
119 1721 222 1786 aliam
235 1722 423 1806 impedire,
443 1742 507 1789 seu
522 1723 618 1808 quod
635 1723 731 1789 idem
748 1729 815 1806 est,
847 1729 1037 1806 utramque
1065 1723 1177 1788 socle-

10 1813 11 1838 ³
73 1832 168 1894 tatem
186 1830 303 1912 legem
320 1847 422 1894 suam
440 1830 491 1895 ita
509 1831 786 1897 accommodare
803 1831 932 1911 teneri,
953 1835 990 1894 nt
1015 1830 1116 1894 locus
1132 1829 1179 1894 sit

73 1934 165 2000 alteri
178 1936 398 2018 legislationi
412 1943 449 2002 et
463 1937 648 2021 utriusque
663 1939 744 2003 linis
760 1938 968 2004 consecutio
985 1937 1176 2019 habeatnr;

72 2039 102 2104 in
116 2043 279 2107 conflictu
292 2049 412 2108 autem
425 2046 639 2110 societatem
655 2046 880 2128 superiorem
898 2043 1062 2109 inferiori
1075 2061 1177 2126 prae-

10 2139 12 2190 ἵ
72 2148 183 2214 valere
200 2148 346 2214 debere:
365 2153 558 2239 affimativa
589 2153 700 2216 tradit
732 2152 943 2218 societatem
977 2150 1179 2234 principem

73 2271 109 2318 ac
123 2256 269 2338 proinde
283 2257 484 2323 Ecclesiam
503 2277 549 2324 ex
566 2260 621 2323 sni
637 2270 769 2324 natura
787 2259 974 2342 suppetias
991 2259 1088 2323 terre
1122 2275 1177 2321 su-

73 2361 284 2445 bordinatae,
303 2365 423 2446 idest,
443 2366 555 2448 civili,
577 2373 757 2449 quatenus
778 2366 846 2431 hoc
859 2365 973 2448 exigit
990 2365 1083 2429 ratio
1098 2382 1177 2448 pro-

10 2523 11 2526 ,
73 2469 132 2549 prii
147 2471 236 2553 flnls;
255 2471 461 2537 incaeteris
487 2489 575 2538 vero
609 2491 681 2538 non
713 2474 830 2538 teneri
860 2471 1081 2555 exjustitia,
1116 2470 1181 2536 sed

73 2577 197 2642 tanturn
214 2578 409 2664 aliquando
424 2597 471 2645 ex
485 2580 677 2646 charitate.

147 2683 215 2749 Sed
226 2703 292 2768 pro
306 2691 409 2751 recta
423 2687 532 2752 oflicii
549 2688 712 2770 negativi
727 2687 988 2770 explanatione
1005 2689 1042 2750 et
1060 2685 1178 2767 legiti-

72 2805 122 2852 ma
138 2791 296 2873 ejusdem
313 2793 359 2857 ad
371 2793 572 2859 Ecclesiam
590 2795 852 2878 applicatione,
873 2811 953 2858 cnm
971 2796 1047 2856 tota
1072 2809 1179 2874 qnae·

72 2897 130 2962 stio
146 2899 242 2964 circa
258 2899 518 2982 obligationem
536 2903 678 2985 utrique
710 2901 880 2966 societati
909 2897 1180 2963 incumbentem

72 3003 157 3070 hand
171 3007 389 3090 impediendi
417 3011 684 3075 assecutionem
700 3009 781 3074 finis
812 3007 962 3072 alterins
995 3011 1176 3088 versetur,

72 3111 133 3174 tria
148 3113 267 3197 magni
285 3116 456 3180 momenti
472 3117 688 3200 inquirenda
706 3117 811 3182 modo
829 3115 992 3180 veniunt:
1015 3112 1065 3178 1.⁰
1086 3113 1180 3178 unde

72 3216 209 3302 incipiat
225 3222 369 3306 utrique
398 3223 566 3288 societati
583 3227 746 3306 potestas
778 3224 878 3305 leges
908 3219 1098 3301 condendi,
1117 3237 1181 3285 seu

72 3327 156 3406 quod
171 3328 265 3394 idem
278 3333 345 3410 ost,
364 3330 530 3412 quisnam
559 3331 606 3395 sit
623 3331 726 3395 limes
747 3349 769 3394 a
787 3348 858 3412 qno
879 3329 1055 3412 originem
1071 3328 1181 3392 ducat

73 3436 306 3518 competentia
321 3437 531 3520 legislativa
555 3439 740 3503 societatis
758 3437 952 3521 religiosae
984 3443 1020 3500 et
1044 3435 1177 3514 civilis3

72 3535 117 3600 2⁰
132 3558 308 3623 quaenam
325 3542 481 3607 societas
496 3543 596 3626 prius
613 3544 713 3626 leges
732 3544 830 3608 ferre
859 3542 985 3626 possit,
1019 3540 1088 3606 hoc
1111 3544 1178 3622 est,

72 3659 239 3724 quaenam
257 3651 504 3731 competentia
520 3651 566 3714 sit
583 3649 839 3733 praeterenda3
858 3648 912 3713 3.⁰
925 3653 1044 3712 utrum
1057 3645 1179 3711 Eccle-

72 3749 119 3814 sia
134 3753 231 3838 leges
259 3756 452 3820 statuendo
471 3775 560 3839 prae
578 3757 691 3822 oculis
708 3756 844 3822 babere
861 3757 1029 3821 teneatur
1045 3754 1181 3834 legesa

72 3851 164 3924 Statu
174 3861 250 3943 jam
267 3862 374 3926 latas.

151 3965 275 4048 Quoad
292 3970 456 4051 primum,
473 3987 597 4035 omnes
615 3969 845 4036 consentiunt
861 3969 897 4032 in
912 3985 954 4033 eo
972 3965 1068 4050 quod
1086 3971 1179 4032 utre-

75 4085 134 4150 que
150 4075 303 4140 sooietas
320 4077 483 4141 revereri
501 4082 536 4141 et
553 4077 735 4142 custodire
753 4076 885 4141 debeat
903 4079 977 4139 turn
993 4075 1052 4156 jus
1077 4077 1179 4140 nutu-

76 4193 142 4257 rae,
160 4183 241 4266 quia
258 4183 496 4265 immutabile,
516 4185 725 4250 universale
742 4188 853 4267 atque
876 4184 1091 4266 perpetuum
1110 4183 1177 4262 est,

78 4285 141 4352 tum
151 4287 207 4368 jns
224 4289 575 4374 positivo-divinum,
592 4291 677 4374 quia
691 4309 808 4372 nemo,
823 4307 940 4373 neque
958 4286 1177 4368 individuus,
