3034 4990
773 371 891 430 -292
918 405 949 415 -

393 514 578 582 Interdum
593 521 872 581 veroeamente
904 533 947 580 ao
979 516 1143 598 consilio,
1179 519 1218 582 ut
1234 516 1409 598 tyrannidi

304 623 511 706 Principum
555 622 797 688 saecularium
825 623 886 688 vel
914 623 1106 706 potestatis
1134 622 1254 688 civilis
1284 623 1410 706 placito

303 729 469 798 Ecclesia
483 729 706 812 subjiciatur,
721 729 900 794 vocabulo
909 730 1175 815 Independeatta
1188 729 1307 796 ideam
1320 751 1409 819 eope·

304 839 477 905 riorr'tutis
490 836 709 920 exprimunt:
724 836 808 902 hino
821 837 858 902 in
870 835 973 902 Statu
985 837 1352 922 tadepecdeati-jure
1362 860 1410 902 aa·

298 945 508 1032 prematiae,
544 941 709 1008 Ecclesia
727 947 912 1027 tamquam
938 943 1125 1028 quodlibet
1142 944 1334 1028 collegium
1357 951 1414 1010 aut
1494 973 1495 1016 r

305 1051 462 1117 societas
487 1049 703 1132 imperfecta
720 1050 876 1133 Regibus
894 1051 953 1116 vel
978 1049 1131 1116 Summis
1148 1051 1412 1134 Magistratibus

305 1159 542 1226 subalternam
555 1175 635 1222 esse
649 1155 767 1240 debet,
784 1159 834 1223 uti
852 1159 1022 1252 effutiunt
1038 1158 1355 1224 Protestantismus
1381 1168 1416 1224 et

307 1263 555 1332 Caesarismus
569 1264 1113 1348 souUltra-Regausmus-jure
1123 1267 1347 1354 majestatico,
1357 1267 1415 1332 im-

307 1373 409 1458 perio
423 1375 486 1437 aut
496 1372 717 1455 principatui
731 1371 939 1456 (roborante)
948 1373 1085 1456 Regum
1094 1374 1155 1440 vel
1168 1372 1417 1456 Supremorum

307 1479 576 1546 Moderatorum
593 1479 821 1545 subordinate
835 1497 915 1544 esse
932 1479 1052 1561 debet,
1071 1479 1122 1544 ita
1152 1479 1335 1546 blaterare
1360 1499 1415 1545 au·

308 1587 394 1652 dent
425 1585 589 1650 asseclae
624 1585 821 1667 Regalismi
850 1585 1157 1669 rigidiorIs-juro
1184 1589 1415 1673 protectione,

308 1693 428 1778 quoad
455 1690 612 1776 plurima
628 1691 779 1774 politiae
808 1709 851 1756 ac
882 1692 1098 1776 disciplinae
1122 1695 1244 1776 capita
1276 1695 1418 1761 obnoxia

309 1818 388 1866 esse
407 1799 515 1864 debet
547 1797 754 1880 Principum
772 1798 833 1863 vel
850 1797 1043 1864 Rectorum
1074 1799 1344 1883 interventioni,
1361 1819 1417 1884 pu·
1495 1813 1496 1822 ¹

308 1913 346 1974 ta
359 1911 528 1973 asserunt
541 1911 831 1988 propugnatores
850 1905 1046 1989 Regalismi
1060 1906 1223 1972 mitioris.

399 2015 474 2080 181.
522 2010 577 2078 Ex
591 2012 661 2076 hac
692 2013 767 2077 levi
794 2013 1022 2095 expositione
1052 2013 1162 2095 plane
1194 2015 1418 2096 consequitur

309 2121 497 2188 Ecclesiae
511 2118 744 2184 adversarios
762 2118 897 2202 duplici
914 2118 1019 2185 modo
1033 2120 1225 2185 aberrasse
1249 2121 1350 2184 circa
1364 2138 1418 2185 no-

311 2231 446 2296 tionem
459 2226 777 2310 indepeudentiao,
794 2245 887 2308 quae
905 2226 1080 2292 inordina
1105 2227 1297 2309 temporali
1313 2227 1417 2292 socie·
1496 2203 1497 2250 ³

312 2339 379 2402 tati
398 2335 499 2402 clvili
516 2333 700 2416 competit:
722 2333 785 2396 elii
802 2334 897 2398 euim
925 2350 991 2416 per
1022 2333 1199 2420 desectum,
1233 2331 1371 2398 Statum
1399 2351 1419 2396 a

312 2446 399 2526 Deo,
414 2442 549 2508 Divina
578 2441 797 2508 Revelatiorte
830 2441 890 2506 val
921 2440 1078 2507 Ecclesia
1111 2439 1331 2524 separando;
1363 2441 1418 2504 alii

311 2556 432 2616 autem
447 2567 512 2633 por
528 2569 712 2631 eccesaum,
721 2547 923 2613 Ecclesiam
937 2547 1053 2612 Statui
1066 2548 1229 2628 absolute,
1238 2549 1417 2634 majesteri-

310 2679 345 2725 oe
362 2657 423 2724 vol
436 2657 555 2722 tuttiee
568 2654 806 2737 subjIciendo.
824 2654 965 2720 Exinde
977 2657 1178 2736 exsurgunt
1192 2659 1265 2719 tres
1284 2671 1417 2720 errores

312 2765 372 2830 vel
385 2763 505 2848 potius
522 2764 722 2844 systemata
741 2778 896 2825 erronea
927 2779 992 2845 per
1027 2760 1208 2826 defectum
1238 2762 1417 2844 exprimo

310 2875 489 2956 conceptu
502 2869 596 2934 falso
614 2868 918 2951 independentiae
932 2869 968 2934 in
986 2887 1096 2934 sensu
1126 2869 1418 2952 emancipationis

313 2980 492 3060 derivata,
504 2977 656 3058 scilicet,
671 2976 1000 3041 indifferentismus
1015 2995 1058 3040 ac
1071 2976 1102 3040 N
1105 2977 1338 3044 aturalismus
1350 2991 1418 3042 sae·

312 3087 393 3152 culo
410 3084 532 3150 XVIII
549 3083 657 3150 valde
670 3083 794 3148 usItati
807 3089 843 3148 et
860 3087 985 3148 nostra
1020 3088 1142 3148 aetate
1159 3083 1222 3150 vix
1255 3088 1319 3148 aut
1345 3099 1417 3147 raro

312 3191 500 3274 nominati,
517 3191 601 3274 quia
619 3189 716 3272 apud
733 3189 858 3255 fideles
875 3191 970 3255 malo
986 3189 1150 3271 audiunt,
1184 3193 1294 3272 atque
1327 3189 1417 3254 Libe·

312 3301 493 3381 saliemus,
507 3302 568 3382 qui
587 3317 659 3363 non
675 3299 790 3363 solum
808 3299 955 3378 nomine,
974 3315 1100 3364 verum
1133 3297 1242 3362 etiam
1270 3318 1308 3362 re
1325 3294 1417 3360 hodie

313 3408 411 3494 apud
429 3424 553 3473 omues
570 3406 648 3471 fere
665 3405 832 3471 nationes
849 3409 1050 3488 grassatur,
1067 3408 1102 3470 et
1120 3404 1238 3470 ubivis
1255 3405 1416 3488 gentium,

314 3516 365 3582 uti
394 3514 561 3580 luctuosa
596 3513 825 3595 experientia
850 3515 1016 3593 testatur,
1046 3511 1221 3595 pessimos
1245 3508 1417 3595 perniciei,

314 3621 515 3690 eversionis
533 3624 642 3704 atque
654 3619 864 3686 rebellionis
878 3621 1015 3686 fructus
1033 3619 1195 3703 protulit.
1211 3618 1350 3684 Pariter
1367 3633 1417 3680 au·

314 3741 387 3796 tem
401 3747 446 3794 ex
460 3733 638 3812 conceptu
651 3727 954 3810 independentiae
969 3729 1007 3792 in
1021 3728 1234 3810 acceptione
1246 3724 1415 3814 superemi-

314 3839 449 3906 nentiae
465 3841 527 3900 aut
541 3837 800 3921 superioritatie
817 3837 1035 3918 colliguntur
1053 3835 1125 3899 tria
1143 3835 1217 3899 alia
1232 3835 1416 3917 systemata

316 3962 470 4010 erronea
483 3961 548 4027 per
565 3961 768 4024 excessum,
788 3960 930 4025 nempe,
950 3943 1282 4026 ProtestantIsmus,
1301 3940 1416 4008 Caesa·

316 4051 446 4118 rismus
465 4069 509 4114 ac
526 4051 764 4132 Regalismus.

404 4153 559 4222 Cunctos
577 4156 753 4239 eJusmodi
771 4174 914 4221 errores
933 4161 1042 4241 atque
1060 4156 1224 4221 exitialia
1257 4157 1414 4239 systema·

315 4270 364 4346 ta,
383 4267 491 4348 prout
507 4264 629 4328 terunt
645 4263 778 4327 limites
794 4267 1002 4329 nostrarum
1034 4263 1330 4347 praelectionum,
1362 4271 1413 4337 op·

316 4380 470 4456 portuno
487 4371 567 4436 loeo
582 4370 858 4434 contutabimus.
