3034 4990
3 317 5 328 l

562 365 742 424 ...361-

99 508 237 590 Β61611,
254 507 449 591 instigator
472 508 678 574 schismatis
695 511 820 574 tunct
822 509 981 592 emporis
1009 508 1212 575 Ecclesiam

99 613 259 679 vexantis
280 632 325 678 ac
341 619 594 697 propugnator
610 615 728 680 falsae
754 620 793 680 et
808 614 1006 680 seditiosae
1024 616 1213 682 doetrinae

98 719 236 786 tandem
264 719 457 786 damnatus
485 726 579 787 este
607 721 883 787 Joenne⁵XXII
912 723 1077 806 pluribus
1105 724 1213 790 editis

97 827 248 911 Litteris,
275 831 492 913 praesertim
508 848 598 896 vero
627 831 916 896 celebratissima
947 829 1213 898 Constitutione

3 953 5 972 ³
99 934 185 1002 Licet
200 936 258 1001 dis
273 935 318 1000 23
337 934 418 1002 Oct.
433 955 492 1002 an.
513 937 598 1002 1327
612 937 785 1020 expedita
803 937 863 1022 (1).

466 1175 842 1243 Paornsraunrsuus.

171 1397 253 1462 228.
306 1399 422 1465 Ortus.
441 1397 521 1463 Non
535 1397 996 1463 estnecessariumdiutius
1022 1398 1211 1464 immorari

97 1501 129 1564 in
145 1503 361 1584 exponenda
373 1519 414 1566 re
429 1502 593 1567 omnibus
620 1502 825 1585 explorata3
857 1507 1082 1586 compertum
1112 1522 1212 1569 narn-

96 1623 159 1688 que
171 1612 225 1672 est
242 1608 389 1673 saeculo
404 1607 491 1674 XVI
509 1615 626 1672 ortam
644 1625 724 1673 esse
741 1609 872 1674 611616
888 1609 925 1673 in
943 1611 1082 1676 cunctis
1100 1609 1212 1676 Euro-

94 1730 159 1794 pae
168 1715 377 1797 regionibus
388 1695 545 1779 celerem
558 1715 860 1797 propagationem
875 1716 1073 1782 obtinuisse
1083 1718 1211 1782 haere-

96 1819 157 1884 sim
169 1821 326 1886 omnium
338 1819 696 1904 perniciosissimam,
712 1839 806 1904 quae
823 1823 888 1887 sub
905 1823 1052 1888 larvato
1067 1825 1212 1889 nomine

95 1923 369 1992 Reformationis
394 1925 545 1992 Sacram
562 1925 786 2010 Scripturam
814 1929 962 2011 privata
994 1932 1212 2014 interpreta-

95 2031 186 2097 tione
211 2049 459 2115 corrumpere,
482 2031 655 2115 dogmata
671 2029 870 2096 christiana
887 2033 1081 2116 multiplici
1114 2053 1211 2099 erro·

93 2154 130 2202 re
152 2145 334 2222 evertere,
352 2138 556 2204 Ecclesiam
591 2137 815 2204 catholicam
842 2141 1090 2221 systematicis
1105 2159 1210 2205 eccu-

94 2247 290 2310 sationibus
321 2247 511 2329 impetere,
544 2245 737 2328 omniaque
761 2245 969 2310 traditionis
994 2246 1211 2311 documenta

93 2365 235 2432 prorsus
254 2352 463 2418 adulterare
480 2351 612 2417 effreni
630 2351 784 2416 audacia
804 2356 841 2416 61
862 2353 1083 2436 nequissimo
1103 2371 1212 2418 cona-

94 2460 127 2521 tu
143 2477 320 2542 aggressa
337 2462 404 2524 est.

177 2564 247 2631 Sed
263 2565 430 2648 quamvis
446 2563 516 2628 hoc
548 2565 728 2628 nefastum
764 2569 874 2647 atque
910 2566 1212 2631 ominosissimum

93 2669 223 2735 iactum
240 2673 294 2734 tot
310 2669 435 2736 clades
451 2675 628 2752 tantaque
645 2671 755 2751 mala,
773 2676 849 2733 tum
867 2671 904 2733 11
923 2671 1049 2735 ordine
1067 2671 1211 2734 histori-

93 2791 131 2840 co
146 2781 184 2842 61
199 2777 340 2858 socluli,
360 2781 436 2842 tum
452 2777 489 2842 11
506 2777 632 2842 ordine
650 2776 855 2857 theologico
873 2793 922 2859 ,ac
938 2777 1067 2840 morali
1080 2777 1209 2840 intule-

93 2883 146 2966 rit,
162 2888 284 2948 tamen
301 2885 367 2949 vix
384 2885 571 2949 recenseri
587 2888 739 2966 possunt
755 2882 888 2946 damna
902 2886 1011 2964 atque
1022 2882 1211 2964 perturba·

93 2989 217 3071 tiones,
233 3007 324 3072 quas
340 2990 406 3056 sub
418 2994 587 3070 respectu
598 2989 754 3070 juridico
769 2996 804 3053 et
821 2989 997 3052 canonico
1026 2989 1064 3052 in
1098 2989 1211 3053 socie-

92 3097 163 3161 tate
179 3097 381 3161 christiana
397 3097 551 3163 invexit:
571 3097 705 3160 etenim
722 3113 768 3161 61
783 3095 1085 3160 Proteetantismo
1098 3095 1151 3160 uti
1165 3113 1211 3159 61

92 3201 216 3266 vitiato
234 3202 335 3267 fonte
348 3202 525 3285 originem
554 3202 735 3267 duxerunt
761 3203 970 3266 recentiora
996 3206 1209 3284 systemata,

93 3322 181 3386 quae
198 3308 265 3372 sub
283 3308 430 3373 diversa
448 3307 742 3372 denominatione
759 3316 869 3391 atque
884 3307 1083 3372 scientifico
1099 3324 1210 3389 appa·

92 3415 168 3478 ratu
186 3413 390 3478 Ecclesiam
406 3413 680 3496 perturbarunt.

175 3519 230 3585 Ex
248 3537 318 3604 quo
336 3520 432 3584 enim
443 3519 636 3602 Lutherus,
655 3522 761 3602 pater
777 3519 1044 3584 haeretieorum
1071 3522 1210 3601 postre-

92 3641 167 3692 mae
186 3627 331 3709 aetatis,
351 3631 388 3692 et
401 3628 661 3710 antesignanus
681 3627 838 3692 omnium
858 3632 1089 3709 novatorum,
1108 3634 1209 3709 quot·

92 3737 175 3812 quot
210 3733 406 3797 recentiori
440 3737 604 3814 tempore
644 3733 832 3813 exstitere,
871 3731 1055 3796 6111116111
1091 3748 1210 3814 neque

91 3834 265 3921 Pontifici,
283 3856 400 3922 neque
432 3837 622 3922 Episcopis
640 3839 764 3918 ullam,
782 3839 853 3903 nisi
871 3855 917 3903 61
933 3837 1092 3902 fidelium
1126 3855 1209 3902 con-

92 4037 248 4052 —u—--

158 4187 197 4252 (1)
233 4185 286 4250 Qui
297 4187 412 4254 plenem
425 4187 527 4240 erroris
541 4185 699 4238 mamiliani
712 4182 911 4239 refutationem
924 4185 1103 4254 legerevelit,
1113 4201 1213 4243 consu-

93 4253 131 4307 lat
141 4257 290 4311 Albertum
304 4253 462 4324 PighioDe
474 4255 642 4310 Hierarotr'o
652 4253 855 4322 Eccleoiarttco,
868 4255 930 4310 Lib.
947 4257 980 4310 V.
