3024 4994
525 385 702 447 -247-

68 533 98 594 et
119 534 199 595 ante
226 531 348 596 omnia
378 531 514 614 statuit,
541 532 701 615 postulat
724 549 773 596 ac
806 530 1024 596 determinat
1053 533 1174 596 actum

65 635 287 720 pontificium,
303 655 325 702 a
342 655 412 721 quo
429 637 637 720 neutiquam
653 635 862 721 praescindi
876 639 1008 720 potest;
1040 637 1173 702 etenim

65 742 203 808 Romani
218 744 404 809 Pontificis
436 745 662 810 interventus
687 743 831 809 omnino
859 743 1088 809 necessarius
1105 748 1173 828 est,

64 853 130 914 tum
158 850 203 915 ad
230 852 446 917 electionem
484 857 520 916 et
552 851 866 916 consecrationem
897 849 1173 934 cpiscoporum,

65 956 345 1039 quandoquidem
363 975 408 1023 ex
428 957 639 1023 Tridentina
664 956 810 1040 Synodo
829 958 882 1022 illi
901 960 1041 1022 tantum
1059 958 1175 1042 legiti-

66 1061 107 1125 mi
122 1079 164 1128 ac
179 1065 260 1129 veri
275 1069 360 1130 sunt
377 1065 561 1148 Episcopi,
581 1066 642 1148 qui
670 1083 691 1129 a
708 1063 853 1129 Summo
870 1064 1045 1129 Pontiflcs
1077 1083 1175 1130 assu-

64 1173 212 1251 muntur,
231 1173 267 1234 et
281 1170 390 1251 juxta
407 1170 636 1252 disciplinam
671 1171 907 1238 novissimam
940 1173 986 1237 ab
1018 1173 1097 1256 ipso
1114 1173 1176 1239 vel

64 1273 133 1354 ejus
152 1276 409 1342 commissione
427 1282 701 1360 consecrantur,
721 1283 794 1344 tum
825 1277 871 1343 ad
898 1277 1177 1363 adquisitionem

60 1380 330 1465 jurisdictionis,
350 1384 485 1467 quippe
502 1385 600 1449 solus
617 1385 784 1450 Pontifex
803 1384 997 1450 dioecesim
1022 1405 1044 1450 a
1057 1387 1175 1471 singu-

65 1485 102 1549 lis
118 1486 310 1572 Episcopis
326 1490 524 1572 regendam
543 1490 774 1575 determinat,
809 1491 914 1575 eique
938 1492 1100 1575 singulos
1119 1494 1179 1559 ad·

63 1593 192 1676 scribit3
227 1597 305 1660 sive
333 1595 380 1660 ad
414 1598 628 1663 exercitium
656 1599 875 1682 episcopalis
900 1599 1176 1684 jurisdictionis,

64 1717 149 1780 quae
166 1719 188 1765 a
207 1700 384 1766 Pontifice
402 1702 596 1785 dependet3
616 1704 695 1768 sive
712 1703 859 1768 tandem
872 1703 918 1768 ad
931 1707 1179 1771 conservatio·

64 1823 137 1871 nem
161 1807 440 1892 jurisdictionis,
460 1827 567 1892 quae,
586 1811 616 1874 si
634 1809 877 1875 determinata
907 1810 1028 1893 fuerit,
1063 1815 1180 1878 amitti

63 1915 190 1994 poterit
207 1915 392 1980 ordinarie
410 1933 474 1980 seu
500 1917 641 1982 ratione
670 1917 830 1982 oriminis
849 1918 909 1984 vel
929 1920 1178 1986 extraordina·

65 2021 110 2085 rie
129 2026 283 2105 propter
300 2023 483 2106 publicam
500 2025 769 2107 necessitatem
787 2026 843 2089 sin
860 2043 949 2091 vero
974 2026 1179 2093 indetermi-

64 2131 154 2212 nata,
177 2147 225 2194 ex
242 2130 376 2195 delicto
394 2131 557 2197 haeresis
573 2133 635 2198 vel
647 2133 856 2198 schismatis
874 2137 937 2198 aut
964 2135 1010 2199 oh
1037 2153 1179 2203 excom·

65 2238 353 2303 manicationem.
826 2323 829 2330 Ι

142 2344 196 2409 2.⁰
247 2347 463 2411 institutioni
481 2347 619 2412 divinae
637 2347 771 2430 gradus
790 2347 1009 2432 episcopalis
1027 2367 1176 2434 prorsus

65 2453 241 2534 convenit,
252 2471 336 2517 nam
350 2453 531 2518 Romanus
544 2454 713 2520 Pontifex
724 2455 948 2538 plenitudine
959 2457 1179 2538 jurisdictio·

65 2558 327 2643 nissupremae,
342 2560 550 2625 ordinariae
564 2567 673 2644 atque
684 2562 915 2627 immediatae
925 2563 962 2627 in
972 2564 1180 2630 universam

65 2661 257 2732 Ecclesiam
282 2668 451 2750 munitus,
472 2668 670 2732 secundum
703 2668 906 2734 doctrinam
936 2669 1180 2753 dogmaticam

68 2767 209 2838 Consilii
232 2773 416 2859 Vaticani,
447 2778 590 2858 partem
623 2776 781 2859 aliquam
814 2777 1180 2860 hujus'plenissimae

67 2884 97 2941 et
112 2883 339 2948 omnimodae
363 2885 557 2968 potestatis
581 2884 618 2949 in
648 2885 738 2950 alios
764 2885 1010 2950 transmittere
1035 2893 1071 2950 et
1088 2886 1180 2951 deri-

66 3004 146 3054 vare
162 2991 301 3074 duplici
317 2993 379 3057 via
407 2997 541 3075 potest,
560 2994 622 3058 vel
639 3011 705 3077 per
730 2993 873 3058 modum
890 2993 1125 3080 deieputioais,
1142 2998 1183 3058 ut
1249 3059 1252 3065 r

66 3093 196 3162 vicario
213 3098 359 3163 nominc
375 3104 604 3182 exerceatur,
625 3105 713 3183 puta
741 3100 897 3165 Vicariis
911 3101 1131 3183 Apostolicis
1144 3101 1182 3166 in

67 3199 146 3268 locis
171 3205 383 3270 missionum
400 3207 599 3286 confertur,
618 3209 679 3272 vel
702 3225 768 3290 per
786 3208 930 3296 modum
955 3209 1181 3274 communica·

68 3309 161 3376 tionis
180 3314 244 3377 aut
267 3315 557 3399 participationis
574 3315 696 3397 gratia
710 3314 883 3398 implendi
900 3319 936 3380 et
960 3314 1183 3397 exsequendi

68 3423 227 3502 mentem,
248 3421 474 3486 voluntatem
492 3425 528 3486 et
540 3422 803 3486 institutionem
819 3423 841 3488 J
844 3441 907 3488 esu
925 3420 1070 3504 Christi,
1090 3424 1181 3486 utin

69 3525 221 3606 subjecto
240 3529 440 3610 recipiatur
458 3534 495 3593 et
511 3534 738 3612 permaneat,
773 3529 974 3611 quusmodi
993 3530 1033 3593 tit
1049 3529 1085 3593 in
1098 3527 1181 3611 Epi·

68 3634 190 3716 scopis,
210 3636 339 3718 quibus
356 3637 549 3701 Pontifices
568 3637 715 3702 Maximi
733 3638 935 3720 portionem
949 3636 1070 3718 gregis
1088 3635 1179 3700 chri·

69 3740 168 3806 atiani
192 3742 391 3826 regendam
406 3744 648 3826 committunt,
668 3749 707 3809 ut
731 3762 792 3809 eos
810 3743 1033 3808 constituant
1050 3743 1085 3807 in
1101 3760 1181 3824 gra·

70 3842 172 3912 duct
202 3850 323 3915 officio
354 3850 555 3933 episcopali
582 3849 755 3915 divinitus
783 3851 960 3932 instituto,
980 3867 1050 3914 non
1068 3847 1183 3913 veluti

70 3965 143 4018 suos
161 3956 362 4040 delegatos,
383 3957 446 4022 sed
470 3960 655 4039 tamquam
673 3974 781 4022 veros
799 3957 968 4021 Pastores
994 3960 1031 4019 et
1047 3954 1182 4019 Princi-

70 4076 140 4145 pes,
153 4069 336 4147 potestate
351 4064 501 4148 propria
515 4067 625 4146 atque
641 4064 825 4128 ordinaria
839 4062 1023 4145 praeditos
1040 4061 1182 4144 plebem

72 4167 297 4238 christianam
316 4171 503 4256 pascendi,
524 4170 677 4236 docendi
696 4176 731 4236 et
749 4169 992 4252 gubernandi.

152 4279 202 4343 39
252 4278 419 4348 Giarituti
443 4278 693 4362 maximopere
717 4280 876 4361 aptatum
911 4276 994 4341 dum
1024 4277 1184 4341 enimin
