3120 4988
586 405 746 461 ..11-

117 548 290 632 scientiae,
304 546 482 631 siquidem
495 547 714 632 principium
730 545 1016 629 fundamentale,
1052 547 1132 612 fons
1149 548 1224 612 uni·

118 671 172 719 cus
189 659 223 720 et
251 655 345 720 ratio
374 655 583 737 adaequata
606 657 681 718 tum
702 654 796 736 jnris
828 652 964 737 publici
993 652 1120 736 divini,
1150 657 1226 720 tum

116 763 279 827 scientiae
295 761 391 826 idem
408 761 638 844 exponentis,
659 777 706 826 ex
720 760 846 826 divina
858 760 1088 826 revelatione
1102 777 1224 826 noces-

116 869 202 932 sario
216 867 418 932 haurienda
435 871 499 933 est.

193 976 236 1041 Et
252 994 341 1041 sane
357 975 524 1042 Ecclesia
548 975 704 1040 societas
732 979 787 1041 est
812 974 1047 1040 institutionis
1073 974 1223 1040 divinae

117 1079 454 1166 etsupernaturalis,
484 1083 639 1166 ideoque
655 1083 774 1150 emittit
806 1083 892 1165 quia
922 1080 1085 1147 Christus
1105 1082 1225 1147 Domi·

116 1203 173 1250 nus
186 1188 309 1268 voluit,
330 1191 366 1251 et
379 1185 543 1252 eamdem
560 1188 837 1253 constitutionem
869 1187 1100 1268 praeseferre
1116 1185 1226 1251 debet

116 1308 211 1372 quam
228 1291 390 1356 Christus
406 1291 582 1356 Dominus
600 1292 729 1368 voluit,
750 1296 861 1375 atque
877 1292 924 1356 iis
932 1293 1077 1378 juribus
1094 1292 1224 1356 instru-

116 1406 166 1460 cta
183 1415 262 1464 esso
277 1399 398 1482 debet,
418 1417 512 1483 quae
530 1397 693 1465 Christus
717 1417 908 1482 supremus
927 1416 1049 1464 rerum
1068 1399 1226 1464 omnium

116 1504 277 1571 Dominus
294 1507 363 1590 ipsi
381 1507 575 1588 concessit;
596 1507 679 1572 binc
698 1512 754 1572 est
772 1505 868 1590 quod
886 1506 1012 1571 divina
1046 1506 1225 1570 revelatio

116 1614 272 1678 labenda
288 1621 543 1697 esttamquam
560 1614 672 1696 basis,
700 1614 950 1678 fulcimentum
980 1619 1015 1678 et
1043 1613 1137 1677 ratio
1155 1613 1226 1678 ior-

118 1722 209 1785 malis
220 1721 243 1785 J
246 1723 318 1786 uris
335 1730 372 1786 et
384 1721 580 1804 Scientiae,
597 1741 749 1806 quorum
775 1722 893 1786 studio
923 1739 1071 1805 operam
1086 1740 1226 1788 navare

118 1827 332 1911 intendimus3
353 1829 440 1912 quin
456 1847 502 1894 ex
519 1829 587 1894 hoc
602 1830 766 1912 generali
795 1836 831 1894 st
864 1831 1078 1894 inconcusso
1093 1831 1225 1913 princi-

118 1936 168 2015 pio
183 1942 327 2002 eruatur
345 1942 560 2019 argumenta
573 1937 667 2018 juris
684 1937 863 2002 naturalis
892 1955 955 2002 seu
970 1938 1151 2020 principia
1169 1955 1227 2002 ra-

119 2041 429 2125 tionisrejioianda
461 2050 523 2110 aut
548 2044 815 2110 contemnenda
841 2061 921 2110 esse
950 2047 986 2108 in
1015 2051 1140 2110 nostra
1157 2045 1225 2109 dis-

119 2147 251 2230 cipline.
266 2149 345 2216 Hoc
361 2156 504 2217 tantum
531 2169 578 2216 ex
595 2153 786 2235 praejacta
814 2153 943 2234 regula
975 2152 1112 2217 inferre
1127 2153 1224 2236 licet,

119 2257 202 2337 quod
218 2260 405 2340 veritates,
425 2263 641 2341 argumenta
673 2265 710 2323 et
736 2260 973 2342 probationes
1006 2277 1051 2324 ex
1081 2261 1226 2326 ratione

119 2367 261 2430 naturali
278 2366 527 2450 depromptae,
560 2372 702 2432 tantum
719 2367 757 2431 in
773 2386 815 2433 eo
833 2385 941 2433 sensu
972 2369 1222 2452 accipiendae,

120 2469 526 2558 interpretandaeatque
548 2475 792 2559 applicandae
822 2481 918 2558 sunt,
947 2494 1018 2559 quo
1046 2476 1226 2541 revelatio

120 2579 329 2658 probaverit.
359 2581 495 2648 Divina
511 2601 667 2666 namque
684 2583 863 2648 revelatio
882 2583 1074 2667 approbat,
1095 2581 1226 2667 propo·

120 2685 164 2749 nit
175 2693 208 2752 et
223 2688 363 2770 perlicit
375 2689 456 2772 ipsa
473 2690 655 2774 principia
670 2691 851 2755 naturalis
866 2690 1050 2772 justitiae,
1064 2692 1227 2773 aequita-

121 2791 158 2854 tis
169 2798 201 2857 et
212 2794 424 2878 honestatis;
443 2797 538 2862 unde
556 2801 603 2861 ad
619 2798 741 2863 lumen
755 2803 881 2862 rectae
895 2797 1047 2862 rationis
1064 2815 1226 2862 recurre·

120 2913 153 2962 re
167 2901 219 2965 ias
234 2907 287 2968 est
298 2904 337 2969 in
354 2905 628 2986 quaestionibus
648 2905 742 2985 juris
759 2904 895 2988 publici
920 2903 1044 2985 divini,
1075 2904 1139 2969 sed
1158 2904 1225 2969 sub

121 3008 280 3092 custodia,
293 3010 495 3076 directione
509 3016 618 3095 atque
631 3013 820 3077 sanctione
831 3010 979 3077 divinae
992 3029 1037 3076 ac
1049 3029 1225 3095 superna·

121 3114 233 3181 turalis
248 3119 499 3202 revelationis,
515 3119 573 3185 cui
589 3119 705 3187 veluti
738 3119 919 3202 principio
953 3119 1099 3185 formali
1116 3125 1153 3184 et
1169 3119 1226 3184 fir-

121 3221 262 3290 missimo
277 3225 415 3291 motivo
432 3227 599 3292 innititur
612 3230 739 3291 nostra
756 3226 923 3292 scientia.

197 3331 243 3398 la
290 3331 464 3400 Omnibus
481 3335 678 3399 innotescit
695 3337 842 3399 veteres
872 3334 1084 3400 canonistas
1099 3333 1136 3398 in
1153 3338 1224 3398 tra-

121 3432 325 3506 dendoJure
356 3439 540 3507 Canonico
568 3441 633 3506 Jus
661 3441 850 3507 Publicum
876 3439 1175 3508 Ecclesiasticum
1204 3459 1227 3506 a

121 3540 250 3613 Privato
263 3567 336 3614 non
349 3549 554 3633 sejungere,
571 3550 637 3615 sed
668 3548 813 3632 singula
842 3553 1058 3632 argumenta
1076 3549 1128 3614 ita
1146 3566 1224 3632 per-

122 3652 278 3738 tractare,
294 3661 333 3721 ut
344 3674 390 3721 ea
420 3657 525 3722 simul
554 3661 794 3740 exponerent,
815 3674 910 3740 quae
924 3657 1004 3722 sive
1018 3656 1064 3720 ad
1080 3656 1147 3721 Jus
1159 3655 1224 3721 Pu·

122 3752 249 3844 blioum,
263 3764 342 3829 sive
355 3761 402 3828 ad
429 3763 618 3830 Privatum
647 3763 884 3847 pertinerent.
914 3763 1110 3847 Postquam
1135 3781 1224 3829 vero

122 3859 496 3936 FrancisousSchmier
513 3871 550 3936 in
567 3889 632 3936 suo
666 3889 777 3954 opere
803 3870 870 3937 Jas
901 3870 1111 3939 Uettonicam
1144 3871 1223 3938 Uni-

123 3990 240 4044 versum
255 3979 436 4045 Avenioni
454 3997 549 4045 anno
565 3978 652 4044 1738
667 3977 764 4044 edito
793 3978 815 4043 J
818 3997 858 4043 us
891 3978 1078 4044 Publicum
1100 3979 1225 4044 Eccle-

125 4079 291 4152 siastioum
304 4106 325 4152 a
338 4088 488 4156 Privato
502 4090 658 4173 primum
675 4087 854 4172 distinxit,
888 4093 925 4152 et
952 4087 973 4152 J
976 4104 1113 4153 oannes
1132 4087 1224 4151 Ada-

124 4202 189 4254 mus
201 4192 351 4262 Ickstatt
362 4197 578 4281 Inglostadii
592 4216 687 4263 anno
714 4196 799 4263 1747
814 4197 1025 4281 opusculum
1039 4197 1105 4262 sub
1118 4195 1223 4261 titulo

128 4293 172 4360 De
191 4305 298 4372 studio
313 4304 416 4372 Juric
447 4307 568 4373 ordita
598 4313 698 4390 atquc
729 4307 885 4375 methodo
907 4307 1104 4394 scientifica
1126 4305 1223 4371 insti·
