3146 4980
805 439 838 448 —
865 403 983 462 410-

328 547 495 613 Vicarios
513 565 557 612 ao
574 547 673 612 Petri
690 547 927 612 successures
959 547 1175 612 confirmare
1194 547 1369 614 deberent
1386 554 1467 632 (ro-

327 657 420 739 paoi,
437 677 506 720 non
525 655 672 740 deficiat,
687 655 877 740 confirmo).

418 765 449 838 c)
498 759 663 843 Denique
674 759 879 840 jnrisdietio
896 759 1077 824 Primatus
1101 760 1227 826 divina
1259 762 1464 827 ordinatio—

329 885 375 931 ne
387 867 554 946 instituti,
577 867 627 930 uti
642 866 873 947 evangelista
885 865 918 930 S.
935 865 957 930 J
960 883 1097 930 oannes
1110 867 1228 948 docet,
1245 869 1464 934 uniuersalis

329 990 473 1056 quoquo
489 983 556 1050 est;
577 972 830 1054 complectitur
844 972 939 1036 enirn
956 973 1035 1037 sive
1051 972 1189 1056 fideles,
1220 975 1300 1039 sive
1330 975 1461 1040 Pasto-

329 1097 389 1144 res
407 1079 556 1143 secundi
577 1078 725 1160 ordinis,
744 1077 919 1160 Supremo
938 1077 1091 1160 Pastori,
1127 1081 1184 1143 cui
1217 1081 1330 1144 totius
1363 1081 1461 1145 chri·
1561 1139 1562 1176 ᾗ

328 1187 440 1250 stiani
471 1187 593 1268 gregis
622 1203 710 1250 cura
739 1185 959 1249 demandata
986 1185 1066 1266 luit,
1099 1185 1297 1267 subjectos:
1314 1188 1410 1253 Dicit
1423 1190 1462 1254 ei
1561 1185 1562 1238 ἶ

329 1293 479 1376 (Petrolz
498 1295 605 1358 Pasce
622 1305 744 1357 Aurios
762 1313 888 1358 meua...
909 1292 1013 1356 Dicit
1044 1293 1087 1356 ei:
1106 1293 1215 1358 Pasce
1235 1305 1331 1356 ovas
1361 1315 1462 1358 meas
1561 1321 1562 1324 ¹

329 1399 515 1484 (1)—Heio
528 1399 635 1463 Petro
649 1398 818 1462 tribuitur
833 1403 995 1481 potestas
1009 1398 1131 1480 plena,
1146 1399 1332 1462 ordinaria
1346 1406 1460 1483 atque

329 1505 541 1569 immediata
559 1513 633 1568 turn
651 1511 819 1569 cunctum
833 1504 1005 1587 populum
1031 1505 1218 1586 pascendi,
1238 1513 1314 1569 tum
1345 1507 1458 1569 etiarn

330 1611 532 1694 Episcopus
549 1611 799 1676 seuRectores
817 1610 974 1692 portioni
1005 1611 1126 1692 gregis
1159 1611 1368 1694 praefectos
1398 1629 1456 1676 re-

329 1717 451 1798 gendi:
471 1725 509 1780 at
527 1719 562 1782 in
578 1717 759 1782 sententia
775 1733 899 1780 eurum
915 1717 974 1798 qui
987 1717 1134 1798 corpori
1149 1717 1307 1782 fidelium
1323 1719 1382 1798 Jus
1396 1717 1457 1782 de-

330 1823 452 1887 serunt
469 1841 550 1887 sose
568 1824 605 1886 in
622 1823 809 1905 religionis
827 1823 982 1904 negotiis
997 1831 1032 1886 et
1042 1821 1230 1887 Ecclesiae
1247 1825 1376 1906 politia
1393 1825 1456 1888 im-

331 1929 518 2008 miscendi,
532 1930 592 1993 vel
606 1929 802 2009 juridicum
816 1933 941 1993 coetus
955 1929 1144 1994 christiani
1157 1947 1372 1996 consensum
1389 1950 1458 2013 pro
1562 1933 1563 1980 l

332 2037 504 2100 firmitate
517 2039 637 2118 legum
651 2053 839 2100 sacrarum
856 2037 916 2100 vel
946 2036 1137 2100 validitate
1166 2043 1310 2101 actuum
1340 2039 1456 2103 eccle·
1562 2109 1563 2112 ,

331 2143 561 2208 siasticurum
576 2143 781 2226 exquirunt,
795 2143 941 2224 penitus
953 2143 1199 2208 inverteretur
1217 2143 1305 2208 ordo
1319 2163 1341 2208 a
1355 2144 1456 2209 Divi·

328 2267 375 2312 no
394 2250 608 2314 Institutore
626 2248 913 2331 praestabilitus,
933 2249 1067 2330 quippe
1083 2267 1154 2312 non
1178 2253 1276 2313 esset
1289 2251 1363 2330 jnm
1390 2251 1456 2314 Pe·

330 2361 412 2420 trus
431 2357 491 2438 qui
509 2373 622 2436 agnos
636 2361 817 2437 pasceret,
832 2355 926 2418 sede
939 2361 1067 2418 contra
1084 2356 1183 2436 agni,
1197 2356 1267 2420 hoo
1284 2363 1349 2437 est,
1367 2355 1455 2421 fide·

329 2462 569 2544 les,populus
589 2461 820 2541 christianus,
854 2459 986 2524 subditi
1018 2461 1179 2543 religiosi
1214 2480 1259 2528 ac
1292 2463 1458 2526 membra

329 2567 536 2650 spiritualia
570 2572 765 2650 pascerent
795 2567 1008 2648 Supremum
1032 2567 1234 2648 Pastorem,
1263 2568 1458 2634 Rectorem

330 2674 536 2754 maximum,
551 2673 762 2738 Pontificem
774 2691 950 2738 summurn
964 2680 1001 2738 et
1013 2673 1158 2738 visibile
1187 2673 1377 2739 Ecclesiae
1390 2673 1456 2740 Ga-

330 2787 406 2864 put,
422 2781 517 2863 quod
530 2781 675 2864 quidem
688 2799 710 2844 a
724 2778 858 2845 Christi
871 2779 1073 2860 vuluntate,
1088 2781 1306 2862 evangelica
1321 2781 1456 2846 doctri·
1563 2797 1564 2828 r

329 2905 377 2951 na
395 2897 432 2950 et
449 2889 608 2952 unanimi
626 2888 736 2951 totius
753 2887 980 2968 antiquitatis
1002 2903 1109 2950 sensu
1142 2887 1251 2969 plane
1281 2886 1460 2954 abhorret
1563 2859 1564 2896 ἶ

330 2981 460 3061 (upnos,
475 2979 576 3054 oues).

419 3083 471 3145 3.⁰
519 3083 720 3161 Postremo,
739 3081 880 3145 theoria
898 3079 1144 3145 democratica
1157 3079 1347 3147 Ecclesiae
1362 3085 1456 3166 regi-

332 3188 419 3252 mini
434 3189 620 3270 applicata
639 3188 836 3268 explicitae
853 3186 897 3250 D.
917 3186 1019 3252 Pauli
1037 3187 1217 3253 doctrinae
1235 3187 1374 3254 directe
1402 3207 1458 3253 re-

330 3303 483 3378 pugnat,
512 3298 572 3376 qui
593 3294 806 3376 dignitatem
832 3299 868 3356 et
894 3311 1021 3357 munus
1044 3294 1280 3376 Apostolatus
1313 3313 1394 3360 eum
1419 3315 1457 3360 o·

329 3402 470 3466 mnibus
479 3401 620 3480 juribus
630 3401 713 3464 huic
729 3399 952 3464 nobilissimo
970 3399 1075 3464 titulo
1086 3405 1122 3464 et
1138 3401 1455 3482 praestantissimo

331 3508 453 3572 officio
471 3506 744 3572 inhaerentibus
758 3505 870 3570 aDeo
883 3510 1022 3569 tanturn
1041 3506 1185 3588 repetit:
1201 3507 1335 3574 Paulus
1362 3507 1455 3594 Apo·

329 3616 438 3680 stolus
464 3629 541 3678 rou
570 3627 617 3678 ln
645 3626 865 3693 ueniamus,
897 3633 1003 3696 neque
1026 3633 1092 3696 per
1108 3613 1286 3696 bominem,
1304 3615 1366 3680 red
1387 3635 1456 3699 per

327 3723 450 3788 Jeaum
466 3721 647 3801 Christum,
654 3728 686 3784 et
697 3721 810 3784 Deum
819 3720 1035 3801 Patremque
1047 3721 1229 3786 suscitavit
1245 3741 1321 3786 eum
1333 3743 1455 3788 amor·

329 3831 399 3896 tuis
417 3827 566 3910 (El—Ex
596 3827 664 3891 hoo
680 3827 828 3910 paulino
845 3825 1050 3890 testimonio
1080 3826 1365 3892 ineluctabiliter
1382 3829 1456 3894 col-

330 3936 455 4018 ligitur
474 3933 670 4018 Apostolos
682 3950 749 4016 pro
764 3931 929 3997 Ecclesia
942 3931 1104 4014 pristinis
1118 3933 1340 4016 temporibus
1370 3950 1456 3999 con·

329 4109 515 4118 ...ὰ-4

402 4227 439 4287 (1)
479 4223 641 4292 Cupxlll.
656 4241 701 4279 vv.
717 4228 749 4278 ld
762 4229 792 4278 et
807 4225 845 4278 17.

400 4299 439 4364 (2)
477 4297 522 4348 Ad
536 4295 598 4350 Gal.
612 4313 673 4364 cap.
686 4297 709 4358 Ι,
722 4313 747 4350 v.
763 4300 787 4350 1.
