3024 4994
547 397 715 455 -261-

77 545 124 606 tes
138 541 372 624 eligerentur,
399 542 507 622 juxta
522 541 692 606 monitum
722 540 757 606 S.
786 539 972 624 Cypriani:
991 541 1186 626 Episcopus

77 649 253 734 deligatur,
258 649 358 734 plebe
365 655 560 733 praesente,
575 669 660 732 qaae
676 649 890 734 singulorum
915 650 1001 714 vitia
1025 649 1187 733 plenissi-

76 777 119 820 me
134 757 235 837 novit,
264 764 296 821 et
319 755 587 842 uniuscujusque
615 763 728 821 actum
753 757 794 821 de
818 757 892 842 ejus
925 757 1183 821 conversatione

73 865 249 947 perspeoeit
281 862 342 947 (1);
372 862 615 944 tumdenique
643 879 688 926 ne
720 861 836 927 invito
870 861 1004 944 populo
1040 861 1188 926 daretur

76 967 284 1052 Episcopus,
303 973 342 1033 ut
355 967 526 1050 aJebatS.
545 967 619 1033 Leo
637 968 802 1050 Magnus:
835 970 945 1034 Nata
971 970 1063 1034 ratio
1091 968 1186 1050 sicit,

73 1085 105 1141 ut
119 1077 208 1142 inter
222 1075 414 1162 Episcopos
430 1077 632 1158 habeantur,
653 1079 711 1160 qai
727 1097 787 1140 aec
805 1098 827 1141 a
848 1075 991 1144 Oleriois
1019 1084 1099 1142 suat
1125 1076 1187 1141 ele·

76 1186 127 1264 cti,
145 1203 207 1248 aec
222 1205 245 1248 o
258 1183 417 1268 plebibus
433 1191 513 1249 suat
530 1183 672 1267 sepeliti
684 1181 742 1266 (2).

154 1290 211 1354 De
228 1291 439 1372 praesentia
458 1294 495 1354 et
509 1289 625 1372 plebis
644 1290 865 1355 christianae
882 1307 1061 1354 consensu
1078 1290 1116 1354 in
1129 1307 1188 1372 pe·

74 1397 237 1478 regendis
251 1395 515 1480 Episcoporum
529 1396 768 1461 electionibus
783 1396 1190 1462 triaaolmadvertenda

75 1503 241 1568 ducimus:
273 1502 324 1568 1.ο
356 1522 484 1568 munus
517 1503 658 1570 ferendi
692 1505 860 1588 suffragii
894 1505 954 1568 vel
978 1505 1187 1584 testimonii,

75 1611 161 1693 quod
175 1611 372 1695 aliquando
388 1612 496 1676 totius
513 1611 641 1694 populi
660 1612 845 1694 proprium
859 1612 938 1693 fuit,
960 1611 1081 1675 divino
1106 1612 1189 1692 iure

75 1718 115 1781 ad
130 1717 295 1786 eumdem
313 1719 486 1802 populum
506 1737 577 1782 non
597 1719 792 1801 pertinere,
809 1719 941 1782 etenim
960 1735 1005 1782 ex
1029 1717 1190 1782 Historia

75 1823 328 1892 Ecclesiastica
345 1825 460 1908 liquet
494 1825 675 1890 interdum
703 1826 940 1890 christianam
969 1826 1110 1908 plebem
1145 1823 1190 1888 ad

75 1949 193 1997 sacras
215 1933 414 1998 electiones
432 1937 631 2016 receptam,
650 1933 830 1998 interdum
848 1951 990 2016 quoque
1008 1933 1119 1996 fuisse
1137 1951 1189 1996 re-

72 2040 216 2120 jectam:
233 2039 286 2105 2⁰
305 2044 456 2123 propter
474 2039 726 2124 dissentiones,
752 2041 925 2106 tumultus
955 2045 991 2106 et
1015 2039 1191 2104 scandala

75 2146 147 2210 loco
161 2147 281 2231 plebis
291 2148 351 2230 jus
364 2147 632 2213 interveniendi
645 2166 710 2230 per
724 2149 985 2230 praesentiam,
1001 2163 1190 2237 assensum

74 2257 129 2317 aut
144 2254 433 2337 designationem
451 2255 574 2320 tamin
591 2252 752 2336 Oriente,
789 2273 898 2339 quam
921 2257 957 2320 in
988 2253 1186 2320 Occidente

76 2361 298 2445 optimatibus
315 2365 351 2426 ct
369 2364 590 2446 Principibus
608 2363 815 2428 frecuenter
847 2381 926 2429 esse
955 2381 1181 2445 conoessum

75 2467 121 2530 3.⁰
137 2469 182 2533 ob
198 2469 422 2551 gravissima
439 2469 680 2552 incommoda,
701 2489 793 2552 quae
818 2489 864 2535 ex
889 2472 1062 2536 laicorum
1082 2473 1190 2536 inter-

76 2580 179 2640 ventu
212 2576 249 2640 in
288 2575 550 2641 ecclesiasticis
592 2577 829 2641 electionibus
860 2579 1189 2661 consequebantur,

76 2687 250 2762 postremo
268 2684 405 2748 factum
429 2701 522 2765 essa,
543 2683 750 2767 utpopulus
769 2685 815 2748 ab
834 2684 1096 2768 Episcoporum
1122 2685 1191 2750 cle-

76 2791 247 2856 cticnibus
266 2809 414 2876 prorsus
432 2799 677 2872 amoveretur,
698 2793 802 2857 citius
821 2792 965 2875 quidem
977 2793 1013 2856 in
1033 2791 1189 2872 Graeca,

77 2915 175 2978 quam
192 2899 230 2963 in
246 2900 364 2963 latina
377 2899 554 2964 Ecclesia:
571 2901 705 2964 etenim
723 2901 820 2982 apud
841 2897 1002 2965 Graecos
1013 2901 1072 2981 Jus
1087 2917 1192 2964 omne

77 3004 226 3086 eligendi
249 3006 328 3070 sine
360 3007 432 3072 ullo
463 3007 588 3089 populi
623 3007 829 3072 testimonio
855 3014 918 3071 aut
950 3007 1129 3090 suffragio
1155 3008 1192 3071 in

77 3111 259 3196 Episcopis
289 3114 500 3196 permansit,
536 3118 726 3198 postquam
766 3115 852 3179 editi
881 3121 964 3180 sunt
993 3133 1112 3180 canon
1139 3115 1192 3180 ΠΙ

77 3215 221 3286 Concilii
253 3218 486 3286 Oecumenici
517 3221 584 3286 Vll
617 3221 782 3302 (Nicaeni
811 3222 972 3303 11-787)
1003 3227 1039 3287 ct
1072 3231 1189 3287 canon
1220 3277 1223 3283 .

77 3323 174 3391 XXII
192 3325 328 3410 Synodi
347 3325 538 3393 Generalis
558 3329 642 3393 Vlll
670 3327 1112 3412 (Constantinopolitanae
1141 3330 1190 3394 IV

79 3433 208 3516 -869),
223 3435 259 3499 in
274 3435 402 3517 quibus
420 3435 507 3500 laici
520 3435 682 3500 homines
698 3436 744 3499 ab
757 3435 996 3501 electionibus
1026 3435 1191 3501 exclude-

77 3541 214 3626 bantur;
234 3543 332 3626 apud
346 3543 497 3609 Latinos
513 3561 602 3608 vero
617 3545 836 3608 elementum
869 3545 1046 3626 populare
1079 3544 1192 3608 seclu-

78 3665 147 3715 sum
163 3658 218 3715 est
235 3668 282 3715 ex
299 3668 368 3733 quo
386 3651 465 3716 siva
483 3665 528 3715 ex
546 3650 820 3731 consuetudine,
848 3651 927 3714 sive
957 3668 1002 3714 ex
1035 3649 1192 3714 Decreto

79 3753 237 3823 Gratiani
253 3775 332 3822 can.
354 3757 408 3839 35,
426 3757 507 3822 dist.
526 3758 582 3840 63,
599 3759 677 3822 sive
697 3757 741 3821 ob
775 3757 997 3822 concordata
1030 3755 1192 3820 Worma-
1301 3759 1302 3762 ’

79 3861 200 3930 liensia
214 3866 274 3948 jus
291 3863 450 3948 eligendi
468 3864 513 3930 ad
532 3863 736 3930 Canonicos
755 3866 942 3930 Ecclesiae
965 3863 1192 3930 Cathedralis

79 3972 238 4038 vacantis
255 3971 415 4037 delatum
434 3977 501 4036 est.

82 4115 242 4132 *un—uu·—

145 4249 183 4316 (l)
217 4249 308 4316 Epist.
323 4253 366 4303 68.

144 4322 182 4387 (⁸2)
219 4321 309 4388 Epist.
326 4321 374 4376 167
389 4318 651 4388 othtstt'cum,cap
678 4323 702 4376 1.
