3120 4988
528 461 734 522 «51-

118 605 246 688 periori,
261 622 355 689 quae
368 606 505 672 idcirco
519 607 619 672 illam
634 609 742 698 rebus
759 607 797 672 in
817 608 982 674 omnibus
999 608 1151 692 regendi
1166 613 1217 674 at-

117 731 174 796 que
188 713 374 780 ordinandi
389 715 448 796 Jus
466 715 614 798 proprie
628 715 762 780 dictum
777 715 900 798 habet3
916 717 1008 782 haec
1027 717 1216 798 majoritas

115 821 225 886 merito
243 823 476 904 agnoscenda
493 823 598 888 estin
626 822 793 887 Ecclesia
826 824 1008 889 catholica
1027 825 1145 909 quoad
1160 843 1216 890 ec·

115 929 1218 1014 clesiasparticulares,inquolibetregnosiveimperioquoad

114 1037 303 1117 provincias
317 1037 447 1119 quibus
465 1037 689 1118 coalescunt,
704 1039 909 1103 summatim
923 1038 961 1103 in
978 1040 1074 1103 omni
1103 1041 1216 1104 socie-

115 1149 178 1206 tate
192 1161 358 1226 suprema
374 1144 531 1208 relative
549 1144 595 1208 ad
612 1145 809 1209 societates
823 1145 1015 1210 interiores
1049 1145 1218 1229 homoge-

114 1265 200 1314 neas:
217 1253 240 1330 ο)
258 1251 433 1333 primatus
450 1250 592 1314 demum
609 1251 736 1316 haberi
754 1257 876 1334 potest
907 1273 997 1318 mare
1023 1254 1217 1318 accidenta-

113 1356 161 1436 lis,
173 1355 206 1420 id
223 1367 287 1440 est,
307 1375 389 1422 cum
406 1357 587 1422 indirecta
597 1359 852 1440 jurisdictione
865 1361 1092 1442 conjunctus,
1111 1379 1217 1444 quem

114 1463 358 1530 accidentalem
377 1466 683 1548 nuncupavimus,
720 1483 762 1531 eo
795 1467 890 1550 quod
913 1469 1074 1532 societas
1101 1469 1218 1550 major

112 1571 239 1635 nonnisi
248 1593 315 1658 per
330 1573 491 1638 accidens
504 1573 541 1637 in
557 1574 771 1638 societatem
790 1575 966 1639 minorem
997 1581 1219 1656 potestatem

113 1694 200 1743 suam
217 1697 388 1745 exercere
405 1684 528 1764 queat,
547 1680 752 1762 huJusmodi
770 1682 947 1764 primatus
962 1682 1131 1746 societati
1145 1701 1217 1746 ma·

24 1779 25 1784 ’
110 1785 265 1870 j0rierga
292 1805 357 1852 eas
390 1790 584 1854 societates
610 1790 794 1872 convenit,
826 1807 920 1872 quae
950 1789 1218 1872 heterogeueae

113 1894 340 1976 appellantur,
357 1911 400 1958 ac
417 1894 570 1977 proinde
598 1894 786 1960 Ecclesiae
804 1894 923 1979 quoad
939 1897 1152 1960 societatem
1171 1895 1217 1960 ci·

114 2001 221 2066 vilem.
649 1989 659 2012 ’

188 2108 239 2174 37.
287 2108 375 2176 (ium
401 2111 521 2194 agitur
540 2111 583 2175 de
596 2109 795 2175 scrutanda
824 2115 934 2194 atque
967 2107 1219 2192 praefinienda

23 2275 25 2284 ,
112 2217 302 2296 majoritate
317 2219 377 2284 vel
395 2220 614 2298 minoritate,
629 2221 888 2302 superioritate
914 2219 974 2284 vel
1000 2219 1217 2283 inferiorita-

113 2325 152 2403 te,
169 2325 386 2406 suprematia
402 2327 463 2390 vel
480 2324 724 2408 dependentia
743 2325 928 2408 utriusque
942 2326 1128 2390 societatis
1144 2334 1219 2389 tum

113 2430 380 2516 ecclesiasticae,
397 2433 611 2515 tumoivilis,
623 2439 697 2497 tres
709 2438 847 2496 tautum
864 2433 1058 2515 hypoteses
1074 2432 1218 2516 excogi-

23 2549 24 2552 ’
113 2538 181 2600 tare
196 2548 355 2621 possunt,
386 2557 538 2622 quarum
556 2541 630 2604 vim
649 2544 685 2604 et
702 2540 895 2604 veritatem
914 2540 1141 2622 perpendere
1160 2540 1219 2603 de·

112 2651 172 2724 cet,
204 2655 239 2711 ut
265 2650 328 2710 via
359 2653 545 2712 sternatur
578 2665 643 2731 pro
672 2647 809 2711 tuenda
837 2647 930 2712 thesi
961 2648 1150 2729 proposita
1184 2650 1220 2711 et

113 2750 285 2818 obstacula
300 2754 336 2818 in
357 2761 587 2820 antecessum
604 2761 873 2837 removeantur,
906 2771 1000 2836 quae
1027 2755 1219 2818 doctrinae

113 2858 299 2925 catholicae
311 2862 459 2926 officere
474 2863 639 2926 valeant:
659 2879 910 2946 quaecumque
927 2862 1137 2944 hypothesis
1155 2861 1218 2925 fln-

113 2974 215 3043 gatur,
232 2986 376 3051 semper
393 2970 588 3052 constabit,
607 2977 716 3052 atque
750 2971 846 3034 omni
876 2969 1138 3052 perspicuitate
1168 2969 1218 3033 ei·

23 3133 24 3148 ,
113 3069 249 3154 fulgebit
280 3077 498 3160 principium
516 3077 806 3158 fundamentale,
841 3079 1136 3160 superioritatem
1154 3075 1219 3140 Ec·

114 3179 231 3247 clasiae
244 3183 279 3247 in
294 3185 510 3250 societatem
525 3185 671 3249 civilem
686 3185 888 3250 adstruens.
906 3184 1091 3266 Ejusmodi
1106 3185 1219 3266 hypo-

23 3277 25 3366 J
113 3283 217 3354 theses
231 3291 275 3355 ad
292 3292 432 3373 triplex
448 3309 563 3374 genus
579 3293 749 3356 revocari
768 3299 930 3375 possunt,
951 3292 1135 3357 videlicet:
1157 3290 1217 3356 vel

23 3389 24 3392 ’
114 3393 151 3457 ad
165 3399 477 3465 subordinationem
489 3398 668 3465 Ecclesiae
682 3397 729 3464 ad
755 3399 908 3481 Statum,
926 3400 987 3465 vel
1002 3399 1048 3462 ad
1066 3400 1217 3484 aequali-

114 3507 202 3600 tatem
218 3508 405 3591 utriusque
422 3509 626 3591 potestatiS,
645 3508 705 3574 vel
724 3507 771 3572 ad
787 3509 1105 3574 subordinationem
1142 3507 1218 3572 Sta-

114 3613 159 3672 taa
170 3611 212 3676 ad
226 3613 443 3679 Ecclesiam.

188 3721 305 3790 Prima
322 3721 535 3805 hypothesis
561 3723 763 3805 rejicienda
780 3725 861 3805 est,
882 3723 967 3805 quia
1000 3740 1080 3787 oum
1097 3721 1219 3786 Eccle-

23 3811 25 3866 s
115 3822 178 3890 siae
203 3829 395 3894 commissa
428 3829 474 3894 sit
491 3847 580 3894 cura
597 3829 643 3894 ad
661 3835 850 3894 aeternam
880 3829 1034 3893 salutem
1066 3829 1219 3911 populos

23 3973 25 4020 5
115 3932 332 4018 perducendi,
351 3934 468 4000 Statui
484 3953 573 4002 vero
591 3935 806 4000 felicitatem
823 3934 1014 4012 hominum,
1040 3939 1219 4019 tempora-

115 4031 173 4102 lem
201 4043 447 4125 promovendi,
476 4043 506 4106 si
523 4043 588 4106 illa
603 4041 687 4106 huic
714 4041 1027 4124 subordinaretur,
1047 4059 1219 4123 magnum

23 4127 24 4170 3
115 4152 310 4228 sequeretur
326 4149 605 4232 incommodum,
618 4150 690 4214 imo
708 4150 817 4214 etiam
831 4167 959 4216 verum
975 4148 1170 4213 absurdum
1184 4154 1220 4212 et

118 4257 488 4342 apertaxcontradictio,
499 4257 677 4340 siquidem
690 4259 866 4322 inferiora
879 4257 1139 4340 superioribus,
1151 4262 1219 4320 ter-

23 4371 25 4416 11
118 4373 191 4426 rena
216 4365 447 4448 coelestibus,
467 4366 685 4448 temporalia
709 4366 881 4444 aeternis,
912 4365 993 4428 finis
1023 4363 1218 4445 incomple-
