<?xml version="1.0" encoding="UTF-8"?>
<!DOCTYPE html PUBLIC "-//W3C//DTD XHTML 1.0 Transitional//EN"
    "http://www.w3.org/TR/xhtml1/DTD/xhtml1-transitional.dtd">
<html xmlns="http://www.w3.org/1999/xhtml" xml:lang="en" lang="en">
 <head>
  <title>
</title>
<meta http-equiv="Content-Type" content="text/html;charset=utf-8" />
  <meta name='ocr-system' content='tesseract 3.04.00' />
  <meta name='ocr-capabilities' content='ocr_page ocr_carea ocr_par ocr_line ocrx_word'/>
</head>
<body>
  <div class='ocr_page' id='page_1' title='image "./juspublicumeccl01ferngoog_0210.png"; bbox 0 0 3024 4994; ppageno 0'>
   <div class='ocr_carea' id='block_1_1' title="bbox 526 442 704 504">
    <p class='ocr_par' dir='ltr' id='par_1_1' title="bbox 526 442 704 504">
     <span class='ocr_line' id='line_1_1' title="bbox 526 442 704 504; baseline 0 0"><span class='ocrx_word' id='word_1_1' title='bbox 526 442 704 504; x_wconf 77' lang='lat'>-191-</span> 
     </span>
    </p>
   </div>
   <div class='ocr_carea' id='block_1_2' title="bbox 62 587 1180 4436">
    <p class='ocr_par' dir='ltr' id='par_1_2' title="bbox 65 587 1174 1210">
     <span class='ocr_line' id='line_1_2' title="bbox 68 587 1174 674; baseline 0.005 -22"><span class='ocrx_word' id='word_1_2' title='bbox 68 587 286 672; x_wconf 88' lang='lat' dir='ltr'>addiscenda,</span> <span class='ocrx_word' id='word_1_3' title='bbox 304 605 447 653; x_wconf 83' lang='lat' dir='ltr'>necnon</span> <span class='ocrx_word' id='word_1_4' title='bbox 463 589 620 673; x_wconf 83' lang='lat' dir='ltr'>genuino</span> <span class='ocrx_word' id='word_1_5' title='bbox 651 592 830 673; x_wconf 88' lang='lat' dir='ltr'>conceptu</span> <span class='ocrx_word' id='word_1_6' title='bbox 848 590 1074 674; x_wconf 86' lang='lat' dir='ltr'>assequendo</span> <span class='ocrx_word' id='word_1_7' title='bbox 1093 609 1174 657; x_wconf 91' lang='lat' dir='ltr'>eon·</span> 
     </span>
     <span class='ocr_line' id='line_1_3' title="bbox 66 693 1174 780; baseline 0.004 -20"><span class='ocrx_word' id='word_1_8' title='bbox 66 695 218 761; x_wconf 88' lang='lat' dir='ltr'>solantur</span> <span class='ocrx_word' id='word_1_9' title='bbox 234 697 453 760; x_wconf 78' lang='lat' dir='ltr'><strong>tractatores</strong></span> <span class='ocrx_word' id='word_1_10' title='bbox 476 695 498 762; x_wconf 91' lang='lat' dir='ltr'><strong>J</strong></span> <span class='ocrx_word' id='word_1_11' title='bbox 502 695 574 762; x_wconf 88' lang='lat' dir='ltr'>uris</span> <span class='ocrx_word' id='word_1_12' title='bbox 603 693 790 778; x_wconf 76' lang='lat' dir='ltr'>canonici,</span> <span class='ocrx_word' id='word_1_13' title='bbox 810 697 871 780; x_wconf 89' lang='lat' dir='ltr'>qui</span> <span class='ocrx_word' id='word_1_14' title='bbox 889 696 968 762; x_wconf 88' lang='lat' dir='ltr'>fuse</span> <span class='ocrx_word' id='word_1_15' title='bbox 986 697 1055 764; x_wconf 89' lang='lat' dir='ltr'>hae</span> <span class='ocrx_word' id='word_1_16' title='bbox 1073 698 1117 764; x_wconf 90' lang='lat' dir='ltr'>de</span> <span class='ocrx_word' id='word_1_17' title='bbox 1135 716 1174 764; x_wconf 90' lang='lat' dir='ltr'>re</span> 
     </span>
     <span class='ocr_line' id='line_1_4' title="bbox 66 801 1173 888; baseline 0.004 -22"><span class='ocrx_word' id='word_1_18' title='bbox 66 801 244 884; x_wconf 87' lang='lat' dir='ltr'>disserunt;</span> <span class='ocrx_word' id='word_1_19' title='bbox 278 802 397 885; x_wconf 89' lang='lat' dir='ltr'>prima</span> <span class='ocrx_word' id='word_1_20' title='bbox 427 808 548 868; x_wconf 91' lang='lat' dir='ltr'>autern</span> <span class='ocrx_word' id='word_1_21' title='bbox 578 802 810 868; x_wconf 86' lang='lat' dir='ltr'>elassificatio</span> <span class='ocrx_word' id='word_1_22' title='bbox 847 803 968 888; x_wconf 84' lang='lat' dir='ltr'>magui</span> <span class='ocrx_word' id='word_1_23' title='bbox 1001 805 1173 871; x_wconf 82' lang='lat' dir='ltr'>momenti</span> 
     </span>
     <span class='ocr_line' id='line_1_5' title="bbox 65 909 1171 993; baseline 0.002 -18"><span class='ocrx_word' id='word_1_24' title='bbox 65 909 207 975; x_wconf 89' lang='lat' dir='ltr'>habetur</span> <span class='ocrx_word' id='word_1_25' title='bbox 219 917 255 975; x_wconf 88' lang='lat' dir='ltr'>et</span> <span class='ocrx_word' id='word_1_26' title='bbox 270 910 601 993; x_wconf 78' lang='lat' dir='ltr'>frequentissimam</span> <span class='ocrx_word' id='word_1_27' title='bbox 619 911 657 976; x_wconf 90' lang='lat' dir='ltr'>in</span> <span class='ocrx_word' id='word_1_28' title='bbox 673 910 694 977; x_wconf 89' lang='lat' dir='ltr'><strong>J</strong></span> <span class='ocrx_word' id='word_1_29' title='bbox 698 928 761 975; x_wconf 91' lang='lat' dir='ltr'>ure</span> <span class='ocrx_word' id='word_1_30' title='bbox 777 910 928 978; x_wconf 87' lang='lat' dir='ltr'>Publice</span> <span class='ocrx_word' id='word_1_31' title='bbox 943 911 1171 978; x_wconf 83' lang='lat' dir='ltr'>Ecclesiasti-</span> 
     </span>
     <span class='ocr_line' id='line_1_6' title="bbox 65 1015 1173 1100; baseline 0.004 -20"><span class='ocrx_word' id='word_1_32' title='bbox 65 1033 101 1080; x_wconf 92' lang='lat' dir='ltr'>co</span> <span class='ocrx_word' id='word_1_33' title='bbox 116 1015 397 1100; x_wconf 79' lang='lat' dir='ltr'>applicationem</span> <span class='ocrx_word' id='word_1_34' title='bbox 412 1016 563 1100; x_wconf 82' lang='lat' dir='ltr'>obtinet3</span> <span class='ocrx_word' id='word_1_35' title='bbox 580 1017 674 1082; x_wconf 90' lang='lat' dir='ltr'>unde</span> <span class='ocrx_word' id='word_1_36' title='bbox 703 1016 887 1083; x_wconf 80' lang='lat' dir='ltr'>assiduam</span> <span class='ocrx_word' id='word_1_37' title='bbox 916 1036 1040 1085; x_wconf 88' lang='lat' dir='ltr'>curam</span> <span class='ocrx_word' id='word_1_38' title='bbox 1055 1024 1093 1084; x_wconf 88' lang='lat' dir='ltr'>et</span> <span class='ocrx_word' id='word_1_39' title='bbox 1104 1020 1173 1086; x_wconf 91' lang='lat' dir='ltr'>sin-</span> 
     </span>
     <span class='ocr_line' id='line_1_7' title="bbox 65 1123 885 1210; baseline 0 -20"><span class='ocrx_word' id='word_1_40' title='bbox 65 1123 217 1206; x_wconf 79' lang='lat' dir='ltr'>gularem</span> <span class='ocrx_word' id='word_1_41' title='bbox 234 1124 532 1210; x_wconf 82' lang='lat' dir='ltr'>explanationem</span> <span class='ocrx_word' id='word_1_42' title='bbox 549 1143 572 1189; x_wconf 89' lang='lat' dir='ltr'>a</span> <span class='ocrx_word' id='word_1_43' title='bbox 589 1125 693 1190; x_wconf 91' lang='lat' dir='ltr'>nobis</span> <span class='ocrx_word' id='word_1_44' title='bbox 710 1125 885 1210; x_wconf 90' lang='lat' dir='ltr'>postulat.</span> 
     </span>
    </p>

    <p class='ocr_par' dir='ltr' id='par_1_3' title="bbox 62 1231 1178 2050">
     <span class='ocr_line' id='line_1_8' title="bbox 141 1231 1176 1320; baseline 0.004 -24"><span class='ocrx_word' id='word_1_45' title='bbox 141 1231 210 1297; x_wconf 86' lang='lat' dir='ltr'>Res</span> <span class='ocrx_word' id='word_1_46' title='bbox 225 1233 430 1318; x_wconf 80' lang='lat' dir='ltr'>spirituales</span> <span class='ocrx_word' id='word_1_47' title='bbox 445 1237 637 1300; x_wconf 86' lang='lat' dir='ltr'>vocantur:</span> <span class='ocrx_word' id='word_1_48' title='bbox 664 1233 757 1301; x_wconf 87' lang='lat' dir='ltr'>Illae</span> <span class='ocrx_word' id='word_1_49' title='bbox 781 1236 902 1320; x_wconf 82' lang='lat' dir='ltr'>quibus</span> <span class='ocrx_word' id='word_1_50' title='bbox 930 1236 1027 1301; x_wconf 82' lang='lat' dir='ltr'>Deus</span> <span class='ocrx_word' id='word_1_51' title='bbox 1050 1237 1176 1302; x_wconf 85' lang='lat' dir='ltr'>colitur</span> 
     </span>
     <span class='ocr_line' id='line_1_9' title="bbox 64 1339 1178 1424; baseline 0.002 -20"><span class='ocrx_word' id='word_1_52' title='bbox 64 1339 247 1406; x_wconf 70' lang='lat' dir='ltr'>abominer</span> <span class='ocrx_word' id='word_1_53' title='bbox 260 1341 308 1406; x_wconf 87' lang='lat' dir='ltr'>ed</span> <span class='ocrx_word' id='word_1_54' title='bbox 322 1347 498 1406; x_wconf 83' lang='lat' dir='ltr'>aeternnm</span> <span class='ocrx_word' id='word_1_55' title='bbox 511 1341 658 1408; x_wconf 83' lang='lat' dir='ltr'>salutem</span> <span class='ocrx_word' id='word_1_56' title='bbox 675 1341 859 1424; x_wconf 82' lang='lat' dir='ltr'>ducantur,</span> <span class='ocrx_word' id='word_1_57' title='bbox 876 1342 1079 1424; x_wconf 86' lang='lat' dir='ltr'>cujusmodi</span> <span class='ocrx_word' id='word_1_58' title='bbox 1094 1347 1178 1408; x_wconf 90' lang='lat' dir='ltr'>sunt</span> 
     </span>
     <span class='ocr_line' id='line_1_10' title="bbox 63 1445 1173 1532; baseline 0.001 -19"><span class='ocrx_word' id='word_1_59' title='bbox 63 1445 302 1530; x_wconf 81' lang='lat' dir='ltr'>Sacramenta,</span> <span class='ocrx_word' id='word_1_60' title='bbox 320 1445 557 1530; x_wconf 86' lang='lat' dir='ltr'>Sacrificium,</span> <span class='ocrx_word' id='word_1_61' title='bbox 572 1449 668 1514; x_wconf 82' lang='lat' dir='ltr'>festa</span> <span class='ocrx_word' id='word_1_62' title='bbox 684 1449 869 1532; x_wconf 86' lang='lat' dir='ltr'>religiosa,</span> <span class='ocrx_word' id='word_1_63' title='bbox 884 1465 1013 1532; x_wconf 88' lang='lat' dir='ltr'>preces</span> <span class='ocrx_word' id='word_1_64' title='bbox 1030 1467 1173 1532; x_wconf 87' lang='lat' dir='ltr'>sacrae,</span> 
     </span>
     <span class='ocr_line' id='line_1_11' title="bbox 64 1555 1175 1642; baseline 0.005 -24"><span class='ocrx_word' id='word_1_65' title='bbox 64 1563 152 1636; x_wconf 87' lang='lat' dir='ltr'>vota,</span> <span class='ocrx_word' id='word_1_66' title='bbox 166 1556 321 1640; x_wconf 87' lang='lat' dir='ltr'>jejunia,</span> <span class='ocrx_word' id='word_1_67' title='bbox 356 1559 441 1632; x_wconf 79' lang='lat' dir='ltr'>ete:</span> <span class='ocrx_word' id='word_1_68' title='bbox 461 1557 667 1642; x_wconf 79' lang='lat' dir='ltr'>temporales</span> <span class='ocrx_word' id='word_1_69' title='bbox 699 1555 880 1622; x_wconf 89' lang='lat' dir='ltr'>dicuntur:</span> <span class='ocrx_word' id='word_1_70' title='bbox 913 1555 1006 1634; x_wconf 80' lang='lat' dir='ltr'>Quae</span> <span class='ocrx_word' id='word_1_71' title='bbox 1039 1557 1175 1624; x_wconf 88' lang='lat' dir='ltr'>alendis</span> 
     </span>
     <span class='ocr_line' id='line_1_12' title="bbox 64 1662 1175 1750; baseline 0.004 -23"><span class='ocrx_word' id='word_1_72' title='bbox 64 1662 188 1728; x_wconf 78' lang='lat' dir='ltr'>clericis</span> <span class='ocrx_word' id='word_1_73' title='bbox 204 1670 265 1729; x_wconf 84' lang='lat' dir='ltr'>aul</span> <span class='ocrx_word' id='word_1_74' title='bbox 276 1665 506 1748; x_wconf 83' lang='lat' dir='ltr'>pauperibus,</span> <span class='ocrx_word' id='word_1_75' title='bbox 525 1664 578 1729; x_wconf 83' lang='lat' dir='ltr'>rel</span> <span class='ocrx_word' id='word_1_76' title='bbox 591 1664 709 1730; x_wconf 89' lang='lat' dir='ltr'>dieino</span> <span class='ocrx_word' id='word_1_77' title='bbox 726 1665 834 1730; x_wconf 82' lang='lat' dir='ltr'>cultui</span> <span class='ocrx_word' id='word_1_78' title='bbox 846 1664 1044 1750; x_wconf 81' lang='lat' dir='ltr'>percpendo</span> <span class='ocrx_word' id='word_1_79' title='bbox 1073 1665 1175 1731; x_wconf 84' lang='lat' dir='ltr'>desii·</span> 
     </span>
     <span class='ocr_line' id='line_1_13' title="bbox 63 1769 1176 1858; baseline 0.004 -26"><span class='ocrx_word' id='word_1_80' title='bbox 63 1777 260 1852; x_wconf 73' lang='lat' dir='ltr'>nataesnnn</span> <span class='ocrx_word' id='word_1_81' title='bbox 278 1771 474 1853; x_wconf 89' lang='lat' dir='ltr'>postremb,</span> <span class='ocrx_word' id='word_1_82' title='bbox 490 1772 620 1838; x_wconf 82' lang='lat' dir='ltr'>minine</span> <span class='ocrx_word' id='word_1_83' title='bbox 634 1770 926 1836; x_wconf 86' lang='lat' dir='ltr'>denominantur:</span> <span class='ocrx_word' id='word_1_84' title='bbox 947 1769 1040 1847; x_wconf 83' lang='lat' dir='ltr'>Quae</span> <span class='ocrx_word' id='word_1_85' title='bbox 1066 1771 1114 1838; x_wconf 88' lang='lat' dir='ltr'>ed</span> <span class='ocrx_word' id='word_1_86' title='bbox 1137 1772 1176 1858; x_wconf 73' lang='lat' dir='ltr'>pi·</span> 
     </span>
     <span class='ocr_line' id='line_1_14' title="bbox 62 1878 1175 1966; baseline 0.004 -26"><span class='ocrx_word' id='word_1_87' title='bbox 62 1897 127 1944; x_wconf 86' lang='lat' dir='ltr'>nem</span> <span class='ocrx_word' id='word_1_88' title='bbox 157 1879 381 1966; x_wconf 78' lang='lat' dir='ltr'>temporalem</span> <span class='ocrx_word' id='word_1_89' title='bbox 408 1885 440 1945; x_wconf 87' lang='lat' dir='ltr'>et</span> <span class='ocrx_word' id='word_1_90' title='bbox 466 1879 687 1964; x_wconf 80' lang='lat' dir='ltr'>spiritualem</span> <span class='ocrx_word' id='word_1_91' title='bbox 711 1900 816 1964; x_wconf 84' lang='lat' dir='ltr'>aeque</span> <span class='ocrx_word' id='word_1_92' title='bbox 843 1881 895 1945; x_wconf 85' lang='lat' dir='ltr'>vel</span> <span class='ocrx_word' id='word_1_93' title='bbox 926 1879 1054 1946; x_wconf 87' lang='lat' dir='ltr'>directe</span> <span class='ocrx_word' id='word_1_94' title='bbox 1088 1878 1175 1965; x_wconf 79' lang='lat' dir='ltr'>refe-</span> 
     </span>
     <span class='ocr_line' id='line_1_15' title="bbox 66 1993 192 2050; baseline 0.024 -2"><span class='ocrx_word' id='word_1_95' title='bbox 66 1993 192 2050; x_wconf 83' lang='lat' dir='ltr'>rantur.</span> 
     </span>
    </p>

    <p class='ocr_par' dir='ltr' id='par_1_4' title="bbox 63 2091 1180 4436">
     <span class='ocr_line' id='line_1_16' title="bbox 142 2091 1174 2178; baseline 0.002 -22"><span class='ocrx_word' id='word_1_96' title='bbox 142 2091 216 2158; x_wconf 89' lang='lat'>110.</span> <span class='ocrx_word' id='word_1_97' title='bbox 263 2093 333 2158; x_wconf 88' lang='lat' dir='ltr'>Res</span> <span class='ocrx_word' id='word_1_98' title='bbox 345 2093 550 2178; x_wconf 76' lang='lat' dir='ltr'>spirituales</span> <span class='ocrx_word' id='word_1_99' title='bbox 567 2091 740 2176; x_wconf 82' lang='lat' dir='ltr'>distingui</span> <span class='ocrx_word' id='word_1_100' title='bbox 758 2097 921 2175; x_wconf 89' lang='lat' dir='ltr'>possunt:</span> <span class='ocrx_word' id='word_1_101' title='bbox 938 2093 988 2158; x_wconf 75' lang='lat' dir='ltr'>i.n</span> <span class='ocrx_word' id='word_1_102' title='bbox 1005 2094 1041 2158; x_wconf 92' lang='lat' dir='ltr'>in</span> <span class='ocrx_word' id='word_1_103' title='bbox 1058 2113 1174 2178; x_wconf 87' lang='lat' dir='ltr'>cerpo-</span> 
     </span>
     <span class='ocr_line' id='line_1_17' title="bbox 63 2202 1175 2288; baseline 0.002 -24"><span class='ocrx_word' id='word_1_104' title='bbox 63 2219 212 2267; x_wconf 82' lang='lat' dir='ltr'>recessu</span> <span class='ocrx_word' id='word_1_105' title='bbox 231 2203 384 2268; x_wconf 82' lang='lat' dir='ltr'>visibiles</span> <span class='ocrx_word' id='word_1_106' title='bbox 402 2205 511 2286; x_wconf 86' lang='lat' dir='ltr'>atque</span> <span class='ocrx_word' id='word_1_107' title='bbox 528 2203 752 2288; x_wconf 88' lang='lat' dir='ltr'>incorporeas</span> <span class='ocrx_word' id='word_1_108' title='bbox 770 2204 832 2265; x_wconf 91' lang='lat' dir='ltr'>aut</span> <span class='ocrx_word' id='word_1_109' title='bbox 863 2202 1065 2283; x_wconf 62' lang='lat' dir='ltr'>invisibilem</span> <span class='ocrx_word' id='word_1_110' title='bbox 1096 2203 1175 2267; x_wconf 80' lang='lat' dir='ltr'>aiei·</span> 
     </span>
     <span class='ocr_line' id='line_1_18' title="bbox 64 2309 1177 2394; baseline 0.001 -23"><span class='ocrx_word' id='word_1_111' title='bbox 64 2309 148 2390; x_wconf 86' lang='lat' dir='ltr'>biles,</span> <span class='ocrx_word' id='word_1_112' title='bbox 163 2326 259 2394; x_wconf 88' lang='lat' dir='ltr'>quae</span> <span class='ocrx_word' id='word_1_113' title='bbox 272 2309 426 2374; x_wconf 82' lang='lat' dir='ltr'>formam</span> <span class='ocrx_word' id='word_1_114' title='bbox 439 2309 670 2374; x_wconf 84' lang='lat' dir='ltr'>sensibileme</span> <span class='ocrx_word' id='word_1_115' title='bbox 683 2309 848 2390; x_wconf 80' lang='lat' dir='ltr'>xhibeut3</span> <span class='ocrx_word' id='word_1_116' title='bbox 863 2309 1066 2390; x_wconf 82' lang='lat' dir='ltr'>invisibiles,</span> <span class='ocrx_word' id='word_1_117' title='bbox 1083 2325 1177 2392; x_wconf 87' lang='lat' dir='ltr'>quae</span> 
     </span>
     <span class='ocr_line' id='line_1_19' title="bbox 64 2414 1178 2500; baseline 0.002 -22"><span class='ocrx_word' id='word_1_118' title='bbox 64 2417 217 2482; x_wconf 83' lang='lat' dir='ltr'>sensibus</span> <span class='ocrx_word' id='word_1_119' title='bbox 236 2417 375 2500; x_wconf 81' lang='lat' dir='ltr'>percipi</span> <span class='ocrx_word' id='word_1_120' title='bbox 393 2421 588 2499; x_wconf 88' lang='lat' dir='ltr'>nequeunt,</span> <span class='ocrx_word' id='word_1_121' title='bbox 610 2416 660 2481; x_wconf 90' lang='lat' dir='ltr'>uti</span> <span class='ocrx_word' id='word_1_122' title='bbox 678 2414 833 2499; x_wconf 88' lang='lat' dir='ltr'>Spiritus</span> <span class='ocrx_word' id='word_1_123' title='bbox 865 2414 989 2481; x_wconf 85' lang='lat' dir='ltr'>Sancti</span> <span class='ocrx_word' id='word_1_124' title='bbox 1020 2414 1116 2480; x_wconf 88' lang='lat' dir='ltr'>dona</span> <span class='ocrx_word' id='word_1_125' title='bbox 1141 2419 1178 2480; x_wconf 91' lang='lat' dir='ltr'>et</span> 
     </span>
     <span class='ocr_line' id='line_1_20' title="bbox 64 2521 1176 2609; baseline 0.003 -25"><span class='ocrx_word' id='word_1_126' title='bbox 64 2524 173 2602; x_wconf 86' lang='lat' dir='ltr'>gratia</span> <span class='ocrx_word' id='word_1_127' title='bbox 189 2523 437 2588; x_wconf 86' lang='lat' dir='ltr'>sanctificans:</span> <span class='ocrx_word' id='word_1_128' title='bbox 456 2521 522 2606; x_wconf 82' lang='lat'>2.⁰,</span> <span class='ocrx_word' id='word_1_129' title='bbox 542 2523 737 2609; x_wconf 85' lang='lat' dir='ltr'>inproprie</span> <span class='ocrx_word' id='word_1_130' title='bbox 754 2530 790 2587; x_wconf 89' lang='lat' dir='ltr'>et</span> <span class='ocrx_word' id='word_1_131' title='bbox 802 2524 994 2609; x_wconf 86' lang='lat' dir='ltr'>improprie</span> <span class='ocrx_word' id='word_1_132' title='bbox 1008 2523 1176 2606; x_wconf 86' lang='lat' dir='ltr'>spiritua·</span> 
     </span>
     <span class='ocr_line' id='line_1_21' title="bbox 63 2629 1178 2718; baseline 0.003 -27"><span class='ocrx_word' id='word_1_133' title='bbox 63 2629 119 2712; x_wconf 89' lang='lat' dir='ltr'>les;</span> <span class='ocrx_word' id='word_1_134' title='bbox 132 2633 281 2718; x_wconf 86' lang='lat' dir='ltr'>proprie</span> <span class='ocrx_word' id='word_1_135' title='bbox 293 2631 502 2714; x_wconf 82' lang='lat' dir='ltr'>spirituales</span> <span class='ocrx_word' id='word_1_136' title='bbox 516 2632 748 2695; x_wconf 89' lang='lat' dir='ltr'>nominantur</span> <span class='ocrx_word' id='word_1_137' title='bbox 764 2647 858 2713; x_wconf 88' lang='lat' dir='ltr'>quae</span> <span class='ocrx_word' id='word_1_138' title='bbox 872 2629 1077 2712; x_wconf 83' lang='lat' dir='ltr'>hujusmodi</span> <span class='ocrx_word' id='word_1_139' title='bbox 1094 2633 1178 2695; x_wconf 90' lang='lat' dir='ltr'>sunt</span> 
     </span>
     <span class='ocr_line' id='line_1_22' title="bbox 64 2737 1177 2823; baseline 0.004 -25"><span class='ocrx_word' id='word_1_140' title='bbox 64 2743 128 2803; x_wconf 90' lang='lat' dir='ltr'>tum</span> <span class='ocrx_word' id='word_1_141' title='bbox 144 2745 296 2823; x_wconf 89' lang='lat' dir='ltr'>propter</span> <span class='ocrx_word' id='word_1_142' title='bbox 313 2738 490 2822; x_wconf 86' lang='lat' dir='ltr'>originem</span> <span class='ocrx_word' id='word_1_143' title='bbox 508 2757 554 2804; x_wconf 83' lang='lat' dir='ltr'>ex</span> <span class='ocrx_word' id='word_1_144' title='bbox 586 2757 657 2823; x_wconf 90' lang='lat' dir='ltr'>qua</span> <span class='ocrx_word' id='word_1_145' title='bbox 688 2737 902 2820; x_wconf 87' lang='lat' dir='ltr'>procedunt,</span> <span class='ocrx_word' id='word_1_146' title='bbox 922 2745 997 2802; x_wconf 85' lang='lat' dir='ltr'>turn</span> <span class='ocrx_word' id='word_1_147' title='bbox 1027 2743 1177 2821; x_wconf 91' lang='lat' dir='ltr'>propter</span> 
     </span>
     <span class='ocr_line' id='line_1_23' title="bbox 64 2843 1176 2928; baseline 0 -20"><span class='ocrx_word' id='word_1_148' title='bbox 64 2845 159 2912; x_wconf 86' lang='lat' dir='ltr'>linem</span> <span class='ocrx_word' id='word_1_149' title='bbox 185 2863 251 2912; x_wconf 86' lang='lat' dir='ltr'>seu</span> <span class='ocrx_word' id='word_1_150' title='bbox 268 2845 548 2912; x_wconf 89' lang='lat' dir='ltr'>destinationem</span> <span class='ocrx_word' id='word_1_151' title='bbox 581 2847 640 2912; x_wconf 91' lang='lat' dir='ltr'>cui</span> <span class='ocrx_word' id='word_1_152' title='bbox 671 2845 900 2926; x_wconf 88' lang='lat' dir='ltr'>addicuntur,</span> <span class='ocrx_word' id='word_1_153' title='bbox 934 2849 1022 2928; x_wconf 90' lang='lat' dir='ltr'>puta</span> <span class='ocrx_word' id='word_1_154' title='bbox 1048 2843 1176 2910; x_wconf 88' lang='lat' dir='ltr'>Sacra·</span> 
     </span>
     <span class='ocr_line' id='line_1_24' title="bbox 63 2951 1178 3038; baseline 0 -21"><span class='ocrx_word' id='word_1_155' title='bbox 63 2953 521 3020; x_wconf 87' lang='lat' dir='ltr'>mentaetSaerosanctum</span> <span class='ocrx_word' id='word_1_156' title='bbox 551 2953 683 3019; x_wconf 88' lang='lat' dir='ltr'>Missae</span> <span class='ocrx_word' id='word_1_157' title='bbox 714 2951 952 3034; x_wconf 66' lang='lat' dir='ltr'>Sacrificium</span> <span class='ocrx_word' id='word_1_158' title='bbox 985 2953 1178 3038; x_wconf 88' lang='lat' dir='ltr'>improprie</span> 
     </span>
     <span class='ocr_line' id='line_1_25' title="bbox 63 3061 1176 3146; baseline 0.001 -23"><span class='ocrx_word' id='word_1_159' title='bbox 63 3061 276 3144; x_wconf 86' lang='lat' dir='ltr'>spirituales,</span> <span class='ocrx_word' id='word_1_160' title='bbox 294 3079 388 3145; x_wconf 87' lang='lat' dir='ltr'>quae</span> <span class='ocrx_word' id='word_1_161' title='bbox 405 3061 515 3127; x_wconf 88' lang='lat' dir='ltr'>etiarn</span> <span class='ocrx_word' id='word_1_162' title='bbox 529 3061 574 3126; x_wconf 88' lang='lat' dir='ltr'>ab</span> <span class='ocrx_word' id='word_1_163' title='bbox 592 3061 674 3125; x_wconf 88' lang='lat' dir='ltr'>aliis</span> <span class='ocrx_word' id='word_1_164' title='bbox 691 3061 1057 3146; x_wconf 80' lang='lat' dir='ltr'>supernaturaliaaine</span> <span class='ocrx_word' id='word_1_165' title='bbox 1089 3077 1176 3124; x_wconf 90' lang='lat' dir='ltr'>nun-</span> 
     </span>
     <span class='ocr_line' id='line_1_26' title="bbox 64 3166 1176 3254; baseline -0.002 -22"><span class='ocrx_word' id='word_1_166' title='bbox 64 3171 181 3252; x_wconf 88' lang='lat' dir='ltr'>cupari</span> <span class='ocrx_word' id='word_1_167' title='bbox 193 3170 325 3252; x_wconf 81' lang='lat' dir='ltr'>solent,</span> <span class='ocrx_word' id='word_1_168' title='bbox 343 3187 438 3254; x_wconf 88' lang='lat' dir='ltr'>quae</span> <span class='ocrx_word' id='word_1_169' title='bbox 454 3169 663 3253; x_wconf 90' lang='lat' dir='ltr'>spirituales</span> <span class='ocrx_word' id='word_1_170' title='bbox 696 3168 877 3233; x_wconf 84' lang='lat' dir='ltr'>habentur</span> <span class='ocrx_word' id='word_1_171' title='bbox 896 3170 1037 3232; x_wconf 88' lang='lat' dir='ltr'>tantum</span> <span class='ocrx_word' id='word_1_172' title='bbox 1067 3166 1176 3231; x_wconf 89' lang='lat' dir='ltr'>ratio·</span> 
     </span>
     <span class='ocr_line' id='line_1_27' title="bbox 64 3274 1176 3360; baseline -0.001 -21"><span class='ocrx_word' id='word_1_173' title='bbox 64 3293 103 3340; x_wconf 88' lang='lat' dir='ltr'>ne</span> <span class='ocrx_word' id='word_1_174' title='bbox 121 3278 212 3360; x_wconf 86' lang='lat' dir='ltr'>finis,</span> <span class='ocrx_word' id='word_1_175' title='bbox 231 3276 381 3343; x_wconf 88' lang='lat' dir='ltr'>sednon</span> <span class='ocrx_word' id='word_1_176' title='bbox 398 3282 567 3360; x_wconf 90' lang='lat' dir='ltr'>respectu</span> <span class='ocrx_word' id='word_1_177' title='bbox 586 3275 756 3360; x_wconf 89' lang='lat' dir='ltr'>principii</span> <span class='ocrx_word' id='word_1_178' title='bbox 775 3275 869 3341; x_wconf 90' lang='lat' dir='ltr'>unde</span> <span class='ocrx_word' id='word_1_179' title='bbox 884 3274 1176 3357; x_wconf 87' lang='lat' dir='ltr'>proficiscuntur,</span> 
     </span>
     <span class='ocr_line' id='line_1_28' title="bbox 64 3381 1178 3465; baseline -0.004 -17"><span class='ocrx_word' id='word_1_180' title='bbox 64 3383 151 3464; x_wconf 90' lang='lat' dir='ltr'>quod</span> <span class='ocrx_word' id='word_1_181' title='bbox 168 3401 267 3450; x_wconf 88' lang='lat' dir='ltr'>mere</span> <span class='ocrx_word' id='word_1_182' title='bbox 285 3383 454 3449; x_wconf 90' lang='lat' dir='ltr'>naturale</span> <span class='ocrx_word' id='word_1_183' title='bbox 472 3382 714 3465; x_wconf 86' lang='lat' dir='ltr'>existimatur,</span> <span class='ocrx_word' id='word_1_184' title='bbox 745 3382 848 3447; x_wconf 88' lang='lat' dir='ltr'>velut</span> <span class='ocrx_word' id='word_1_185' title='bbox 877 3381 1069 3463; x_wconf 86' lang='lat' dir='ltr'>eeclesiae,</span> <span class='ocrx_word' id='word_1_186' title='bbox 1099 3397 1178 3445; x_wconf 91' lang='lat' dir='ltr'>coe-</span> 
     </span>
     <span class='ocr_line' id='line_1_29' title="bbox 64 3487 1177 3584; baseline -0.002 -31"><span class='ocrx_word' id='word_1_187' title='bbox 64 3492 219 3575; x_wconf 86' lang='lat' dir='ltr'>materia,</span> <span class='ocrx_word' id='word_1_188' title='bbox 232 3491 385 3584; x_wconf 76' lang='lat' dir='ltr'>pilaque</span> <span class='ocrx_word' id='word_1_189' title='bbox 397 3490 434 3556; x_wconf 90' lang='lat' dir='ltr'>id</span> <span class='ocrx_word' id='word_1_190' title='bbox 450 3508 577 3576; x_wconf 88' lang='lat' dir='ltr'>genus;</span> <span class='ocrx_word' id='word_1_191' title='bbox 597 3489 774 3572; x_wconf 89' lang='lat' dir='ltr'>ejusmodi</span> <span class='ocrx_word' id='word_1_192' title='bbox 790 3506 849 3554; x_wconf 90' lang='lat' dir='ltr'>res</span> <span class='ocrx_word' id='word_1_193' title='bbox 867 3489 1059 3574; x_wconf 85' lang='lat' dir='ltr'>improprie</span> <span class='ocrx_word' id='word_1_194' title='bbox 1076 3487 1177 3571; x_wconf 89' lang='lat' dir='ltr'>spiri-</span> 
     </span>
     <span class='ocr_line' id='line_1_30' title="bbox 64 3598 1177 3684; baseline -0.001 -23"><span class='ocrx_word' id='word_1_195' title='bbox 64 3599 172 3684; x_wconf 67' lang='lat' dir='ltr'>tuales</span> <span class='ocrx_word' id='word_1_196' title='bbox 189 3599 326 3684; x_wconf 88' lang='lat' dir='ltr'>duplici</span> <span class='ocrx_word' id='word_1_197' title='bbox 357 3598 463 3664; x_wconf 92' lang='lat' dir='ltr'>modo</span> <span class='ocrx_word' id='word_1_198' title='bbox 495 3598 875 3682; x_wconf 85' lang='lat' dir='ltr'>supernaturaliaatae</span> <span class='ocrx_word' id='word_1_199' title='bbox 907 3613 987 3662; x_wconf 88' lang='lat' dir='ltr'>esse</span> <span class='ocrx_word' id='word_1_200' title='bbox 1014 3601 1177 3680; x_wconf 84' lang='lat' dir='ltr'>possunt,</span> 
     </span>
     <span class='ocr_line' id='line_1_31' title="bbox 64 3703 1175 3789; baseline 0.002 -22"><span class='ocrx_word' id='word_1_201' title='bbox 64 3705 118 3769; x_wconf 89' lang='lat' dir='ltr'>vel</span> <span class='ocrx_word' id='word_1_202' title='bbox 134 3723 198 3789; x_wconf 87' lang='lat' dir='ltr'>per</span> <span class='ocrx_word' id='word_1_203' title='bbox 215 3706 419 3772; x_wconf 74' lang='lat' dir='ltr'>eaeedonem</span> <span class='ocrx_word' id='word_1_204' title='bbox 433 3705 479 3771; x_wconf 91' lang='lat' dir='ltr'>ad</span> <span class='ocrx_word' id='word_1_205' title='bbox 491 3705 656 3771; x_wconf 90' lang='lat' dir='ltr'>ordinem</span> <span class='ocrx_word' id='word_1_206' title='bbox 669 3703 987 3788; x_wconf 86' lang='lat' dir='ltr'>supernaturalem</span> <span class='ocrx_word' id='word_1_207' title='bbox 1004 3709 1042 3768; x_wconf 92' lang='lat' dir='ltr'>ut</span> <span class='ocrx_word' id='word_1_208' title='bbox 1055 3703 1175 3769; x_wconf 88' lang='lat' dir='ltr'>Matri·</span> 
     </span>
     <span class='ocr_line' id='line_1_32' title="bbox 64 3810 1180 3898; baseline -0.002 -22"><span class='ocrx_word' id='word_1_209' title='bbox 64 3815 225 3897; x_wconf 88' lang='lat' dir='ltr'>menium,</span> <span class='ocrx_word' id='word_1_210' title='bbox 245 3814 308 3881; x_wconf 90' lang='lat' dir='ltr'>vel</span> <span class='ocrx_word' id='word_1_211' title='bbox 326 3831 392 3898; x_wconf 90' lang='lat' dir='ltr'>per</span> <span class='ocrx_word' id='word_1_212' title='bbox 408 3815 660 3881; x_wconf 77' lang='lat' dir='ltr'>dedicationem</span> <span class='ocrx_word' id='word_1_213' title='bbox 676 3811 738 3878; x_wconf 89' lang='lat' dir='ltr'>fini</span> <span class='ocrx_word' id='word_1_214' title='bbox 754 3810 1039 3897; x_wconf 89' lang='lat' dir='ltr'>supernaturali,</span> <span class='ocrx_word' id='word_1_215' title='bbox 1060 3811 1180 3894; x_wconf 91' lang='lat' dir='ltr'>prouti</span> 
     </span>
     <span class='ocr_line' id='line_1_33' title="bbox 65 3917 1177 4004; baseline -0.001 -21"><span class='ocrx_word' id='word_1_216' title='bbox 65 3921 223 3987; x_wconf 89' lang='lat' dir='ltr'>utensilio</span> <span class='ocrx_word' id='word_1_217' title='bbox 252 3938 362 3986; x_wconf 88' lang='lat' dir='ltr'>saera</span> <span class='ocrx_word' id='word_1_218' title='bbox 386 3928 422 3987; x_wconf 93' lang='lat' dir='ltr'>et</span> <span class='ocrx_word' id='word_1_219' title='bbox 450 3921 596 4004; x_wconf 86' lang='lat' dir='ltr'>objecta</span> <span class='ocrx_word' id='word_1_220' title='bbox 611 3920 760 3986; x_wconf 86' lang='lat' dir='ltr'>mobilia</span> <span class='ocrx_word' id='word_1_221' title='bbox 773 3919 886 3985; x_wconf 90' lang='lat' dir='ltr'>cultui</span> <span class='ocrx_word' id='word_1_222' title='bbox 900 3917 1024 3983; x_wconf 91' lang='lat' dir='ltr'>divino</span> <span class='ocrx_word' id='word_1_223' title='bbox 1041 3917 1177 3999; x_wconf 90' lang='lat' dir='ltr'>dieata;</span> 
     </span>
     <span class='ocr_line' id='line_1_34' title="bbox 64 4025 1179 4112; baseline 0.002 -24"><span class='ocrx_word' id='word_1_224' title='bbox 64 4025 110 4090; x_wconf 60' lang='lat'>39</span> <span class='ocrx_word' id='word_1_225' title='bbox 126 4028 162 4094; x_wconf 89' lang='lat' dir='ltr'>in</span> <span class='ocrx_word' id='word_1_226' title='bbox 178 4030 308 4096; x_wconf 84' lang='lat' dir='ltr'>directe</span> <span class='ocrx_word' id='word_1_227' title='bbox 326 4032 363 4094; x_wconf 91' lang='lat' dir='ltr'>et</span> <span class='ocrx_word' id='word_1_228' title='bbox 377 4030 545 4096; x_wconf 77' lang='lat' dir='ltr'>indirecte</span> <span class='ocrx_word' id='word_1_229' title='bbox 563 4027 784 4112; x_wconf 87' lang='lat' dir='ltr'>spirituales:</span> <span class='ocrx_word' id='word_1_230' title='bbox 815 4027 943 4092; x_wconf 82' lang='lat' dir='ltr'>directe</span> <span class='ocrx_word' id='word_1_231' title='bbox 971 4025 1179 4108; x_wconf 89' lang='lat' dir='ltr'>spirituales</span> 
     </span>
     <span class='ocr_line' id='line_1_35' title="bbox 65 4132 1178 4221; baseline 0.001 -25"><span class='ocrx_word' id='word_1_232' title='bbox 65 4136 291 4217; x_wconf 88' lang='lat' dir='ltr'>appellantur</span> <span class='ocrx_word' id='word_1_233' title='bbox 309 4153 403 4220; x_wconf 91' lang='lat' dir='ltr'>quae</span> <span class='ocrx_word' id='word_1_234' title='bbox 419 4135 593 4220; x_wconf 89' lang='lat' dir='ltr'>primario</span> <span class='ocrx_word' id='word_1_235' title='bbox 607 4140 643 4201; x_wconf 86' lang='lat' dir='ltr'>et</span> <span class='ocrx_word' id='word_1_236' title='bbox 652 4155 720 4221; x_wconf 86' lang='lat' dir='ltr'>per</span> <span class='ocrx_word' id='word_1_237' title='bbox 738 4155 775 4201; x_wconf 86' lang='lat' dir='ltr'>se</span> <span class='ocrx_word' id='word_1_238' title='bbox 791 4132 838 4199; x_wconf 92' lang='lat' dir='ltr'>ad</span> <span class='ocrx_word' id='word_1_239' title='bbox 850 4133 1178 4198; x_wconf 88' lang='lat' dir='ltr'>sanctificationem</span> 
     </span>
     <span class='ocr_line' id='line_1_36' title="bbox 66 4241 1178 4328; baseline -0.001 -24"><span class='ocrx_word' id='word_1_240' title='bbox 66 4241 259 4310; x_wconf 88' lang='lat' dir='ltr'>animarum</span> <span class='ocrx_word' id='word_1_241' title='bbox 272 4247 453 4328; x_wconf 89' lang='lat' dir='ltr'>spectant,</span> <span class='ocrx_word' id='word_1_242' title='bbox 470 4244 564 4310; x_wconf 83' lang='lat' dir='ltr'>tales</span> <span class='ocrx_word' id='word_1_243' title='bbox 577 4245 772 4309; x_wconf 88' lang='lat' dir='ltr'>censentur</span> <span class='ocrx_word' id='word_1_244' title='bbox 787 4242 917 4323; x_wconf 90' lang='lat' dir='ltr'>cultus,</span> <span class='ocrx_word' id='word_1_245' title='bbox 932 4243 1178 4323; x_wconf 85' lang='lat' dir='ltr'>sacramenta,</span> 
     </span>
     <span class='ocr_line' id='line_1_37' title="bbox 66 4347 1178 4436; baseline -0.002 -24"><span class='ocrx_word' id='word_1_246' title='bbox 66 4352 254 4434; x_wconf 81' lang='lat' dir='ltr'>vota‚ete.;</span> <span class='ocrx_word' id='word_1_247' title='bbox 272 4353 439 4420; x_wconf 84' lang='lat' dir='ltr'>indirecte</span> <span class='ocrx_word' id='word_1_248' title='bbox 455 4351 666 4436; x_wconf 89' lang='lat' dir='ltr'>spirituales</span> <span class='ocrx_word' id='word_1_249' title='bbox 683 4349 904 4416; x_wconf 89' lang='lat' dir='ltr'>subaudiunt</span> <span class='ocrx_word' id='word_1_250' title='bbox 936 4365 1030 4432; x_wconf 90' lang='lat' dir='ltr'>quae</span> <span class='ocrx_word' id='word_1_251' title='bbox 1046 4347 1178 4430; x_wconf 91' lang='lat' dir='ltr'>prima·</span> 
     </span>
    </p>
   </div>
   <div class='ocr_carea' id='block_1_3' title="bbox 0 0 1516 4994">
    <p class='ocr_par' dir='ltr' id='par_1_5' title="bbox 0 0 1516 4994">
     <span class='ocr_line' id='line_1_38' title="bbox 0 0 1516 4994; baseline 0 0"><span class='ocrx_word' id='word_1_252' title='bbox 0 0 1516 4994; x_wconf 95' lang='lat' dir='ltr'> </span> 
     </span>
    </p>
   </div>
  </div>
 </body>
</html>
