3030 4990
531 373 707 432 -151-

81 516 197 582 tuenda
213 518 334 600 palam
351 523 461 601 atque
479 518 690 583 solemniter
708 522 951 600 agnoverunt,
978 517 1030 582 uti
1059 515 1095 582 in
1128 533 1180 582 se·

80 624 186 704 quenti
199 625 415 707 probatione
434 619 585 708 patebit.

154 731 187 810 d)
233 729 287 796 Ex
306 735 393 795 tunc
410 748 524 814 usque
540 728 660 809 hodie,
681 745 823 812 nempe,
844 747 864 792 a
882 728 1029 794 saeculo
1062 729 1112 794 IV
1136 727 1183 792 ad

79 841 223 902 nostram
242 856 357 920 usque
375 842 533 902 aetatem
550 836 713 901 Historia
730 839 858 918 aperte
888 838 1042 900 testatur
1059 835 1182 900 neele-

79 945 168 1027 siam,
185 945 331 1028 quoties
347 943 593 1026 Imperatores
611 942 672 1008 vel
688 941 804 1026 Reges
830 942 985 1025 negotiis
1003 941 1183 1025 religiosis

80 1071 148 1118 sese
164 1055 368 1119 immiscere
385 1054 506 1118 conati
526 1059 621 1135 sunt,
637 1071 884 1137 quascumque
913 1053 1106 1136 potestatis
1137 1053 1183 1117 ci-

79 1162 151 1226 vilia
167 1162 376 1227 invasiones
392 1161 430 1226 in
448 1179 506 1228 res
525 1157 797 1226 aeclesiasticas
830 1178 979 1244 prorsus
1004 1159 1132 1242 rejecit
1149 1162 1186 1224 et

79 1276 239 1353 perpetuo
255 1269 456 1350 damnavit3
477 1269 529 1334 sio
545 1268 806 1332 intrusionibus
820 1266 1035 1350 Constantii,
1053 1267 1183 1334 Valen-

79 1377 116 1439 tis
142 1381 440 1460 caeterorumque
467 1377 733 1459 Imperatorum
769 1372 1009 1441 Orientalium
1044 1375 1187 1439 fortiter

80 1485 196 1549 restitit
213 1485 371 1567 antiquis
390 1484 626 1565 temporibus;
643 1484 694 1547 ita
708 1482 826 1546 medio
857 1500 950 1547 aevo
984 1481 1185 1564 usurpatio·

80 1608 133 1654 nes
148 1590 410 1674 Imperatorum
428 1589 648 1674 Occidentis,
668 1589 818 1656 Heurici
835 1590 871 1655 ΙΙ
906 1590 1061 1674 Angiiae
1090 1589 1186 1672 regis

81 1705 111 1760 et
137 1697 288 1782 Philippi
312 1697 362 1763 IV
388 1695 531 1764 Galliac
561 1698 704 1763 Pulchri
745 1698 945 1781 nuncupati
977 1697 1187 1780 perfortiter

81 1805 198 1886 repulit
230 1811 341 1889 atque
370 1805 711 1886 anathematizavit3
742 1806 882 1888 pariter
900 1805 1041 1869 demum
1067 1808 1188 1869 aetate

81 1913 265 1978 novissima
298 1914 591 1996 praetensionem
623 1913 753 1980 Placitr'
790 1914 890 2000 Repii
925 1929 1187 1996 saepenumero

82 2021 294 2102 propulsavit
313 2025 349 2084 et
367 2020 557 2103 multiplici
576 2019 810 2084 damnatione
829 2019 1011 2102 protrivit.

156 2129 333 2194 Probatur
345 2127 398 2193 4.⁰
416 2145 463 2193 cx
477 2126 696 2214 Confessioae
713 2127 935 2210 Principum.
956 2126 1187 2193 Praetermit-

83 2235 174 2302 timus
187 2236 361 2302 brevitati
378 2237 608 2302 consulentes
627 2236 810 2319 publicam
828 2235 1017 2300 doctrinae
1035 2234 1185 2300 catholi-

83 2357 137 2407 cae
149 2344 409 2427 professionem
426 2359 449 2408 a
467 2344 637 2426 piissimis
651 2343 937 2427 Imperatoribus
957 2347 995 2409 et
1007 2343 1187 2408 interdum

84 2449 261 2535 achibus
276 2454 386 2518 etiarn
403 2451 598 2516 haereticis
615 2451 827 2516 solemniter
844 2451 1027 2531 emissam;
1046 2449 1188 2514 notissi-

84 2573 131 2621 na
145 2559 307 2642 equidem
337 2563 551 2642 utquevero
583 2558 834 2623 ineluctabilia
864 2561 948 2645 sunt
980 2557 1189 2622 testimonia

84 2659 296 2730 Constantini
312 2665 432 2752 Moqni
450 2668 510 2748 (1),
527 2665 773 2730 Valentiniani
800 2665 817 2730 Ι
850 2665 912 2747 (2),
943 2664 1094 2729 Honorii
1128 2663 1188 2746 (3),

84 2767 276 2838 Valentiaui
293 2772 347 2838 III
363 2772 424 2857 (4),
454 2773 646 2838 Theodosii
677 2773 838 2838 Juaioria
870 2772 928 2856 (5),
959 2769 1188 2851 Theoderici,

84 2875 323 2946 licbthcminis
341 2881 459 2946 ariani
487 2881 548 2962 (6),
567 2885 603 2945 et
630 2879 826 2946 iustiniani
859 2877 921 2961 (7);
953 2877 1018 2942 sad
1044 2876 1189 2942 silentio

84 2989 270 3064 praeterire
289 2989 477 3072 nequimus
491 2988 581 3053 duas
598 2988 802 3052 luculentas
820 2989 856 3051 et
873 2984 1190 3068 praeclarissimas

86 3089 339 3160 declarationes
354 3095 477 3177 magni
494 3096 667 3161 momenti
685 3099 721 3160 et
750 3093 931 3158 maximae
961 3089 1191 3157 auctoritatis

86 3201 729 3286 proEcclesiasticaindependeutia,
755 3202 865 3265 aliam
899 3219 946 3266 cx
974 3201 1191 3284 antiquitate

87 3314 265 3394 sumptum,
285 3309 394 3374 aliam
413 3327 500 3375 vero
518 3327 565 3374 ex
582 3313 704 3374 aetate
721 3305 841 3373 media
854 3307 1123 3390 depromptam.

160 3419 193 3497 a)
239 3415 444 3499 Imperator
456 3415 612 3481 Basilius
623 3416 660 3480 in
673 3413 835 3480 concilio
851 3409 1094 3480 Oecumenico
1106 3410 1192 3476 VIII

86 3521 127 3588 ita
137 3523 181 3588 ad
193 3524 308 3589 laicos
325 3522 532 3606 alloquutus
547 3527 614 3586 est:
629 3519 736 3587 Nullo
755 3520 852 3586 modo
870 3521 964 3585 cobis
981 3520 1060 3584 licet
1078 3519 1119 3582 de
1144 3537 1192 3580 ec·

87 3689 228 3702 ’Ἢ

143 3803 177 3867 (l)
215 3797 422 3856 Rufinus-Hiat.
436 3797 508 3851 Ecel.
522 3797 570 3851 lib.
584 3798 606 3862 1,
621 3814 681 3863 cap.
701 3801 725 3847 2.

146 3876 182 3938 ti)
218 3873 305 3940 Apud
317 3867 587 3924 sozomenum-Hiat.
604 3867 680 3922 Eccl.
694 3865 743 3919 lib.
759 3867 807 3932 Vl,
820 3881 881 3932 cap.
898 3867 922 3918 7.

147 3943 180 4012 (3)
217 3946 308 4013 Epist.
323 3941 491 4012 adfratrem
501 3939 688 3994 Arcadinmin
702 3953 785 3990 causo
801 3941 831 3987 Ν.
846 3937 967 3990 doctrinis
984 3933 1176 4006 Chrysoatomi.

147 4021 181 4080 (l)
216 4017 250 4070 In
270 4015 388 4069 Novella
401 4013 433 4066 dc
443 4010 639 4080 Episcoporam
657 4006 893 4076 ordinationibus,
906 4011 936 4062 in
949 4007 1054 4061 Codice
1067 4006 1196 4060 Theodo-

89 4097 164 4139 amno.

149 4160 185 4223 (b)
218 4157 263 4210 ,ld
278 4155 299 4205 S
319 4155 419 4211 nodum
432 4154 601 4224 Ephrainam

147 4231 182 4294 (b)
214 4225 285 4282 InI
321 4231 391 4298 Syn.
405 4225 482 4284 Rom.
499 4227 554 4281 sub
564 4229 715 4294 Symmaco
728 4223 813 4290 Papa.

149 4299 184 4366 (7)
218 4300 382 4356 InNovella
395 4303 438 4353 88.
454 4301 520 4354 bt.
