3024 4994
532 429 709 489 -233-

154 572 204 638 Ex
218 575 287 639 hec
305 575 518 640 recensione
538 579 640 658 patet
651 576 736 658 jura
753 575 964 658 praecipua,
996 594 1089 659 quae
1114 576 1179 642 Ro-

83 699 171 744 mauo
182 680 347 746 Pontifici
365 685 585 765 competunt,
606 681 651 746 ad
668 681 712 746 28
725 683 891 748 revocari
909 699 1029 766 posse3
1045 701 1091 747 ex
1105 683 1181 766 qui·

81 789 135 851 bus
151 789 189 852 15
205 788 441 854 desumuntur
458 807 503 853 cx
517 789 702 854 Potestate
741 790 912 875 Suprema
939 791 975 854 iu
1003 790 1073 855 hac
1102 809 1181 874 pro·

81 895 240 976 portione:
258 895 281 958 4
297 913 343 960 ex
361 901 542 975 potestate
558 897 764 983 lapidat-tuo,
796 897 818 961 4
835 915 881 962 ex
900 899 1083 984 judiciali,
1103 898 1183 963 tex

79 1005 270 1082 caracutium
285 1001 306 1066 9
320 1007 494 1067 eruuntur
507 1021 553 1067 ex
571 1003 756 1068 Potestate
786 1003 1026 1088 Constitaeate,
1047 1009 1084 1070 et
1100 1007 1181 1070 reli·

80 1126 141 1190 qua
154 1109 175 1170 4
190 1126 233 1173 ex
253 1113 435 1192 potestate
453 1111 658 1195 Dopmattca
677 1111 903 1176 derivantur.

154 1213 1183 1301 Prorectaintelligentiaetstrenuavindicationelrorurn

75 1322 194 1402 jurium
207 1323 418 1407 relegantur
432 1325 553 1409 Opera
564 1343 657 1409 quae
670 1327 688 1390 J
694 1347 734 1392 us
749 1325 970 1392 Canonicurn
984 1335 1182 1411 exponunt;

78 1432 280 1509 praesertim
300 1449 388 1497 vero
407 1432 642 1498 consulantur
670 1433 939 1500 Commentario
968 1437 1183 1519 optimorum

77 1535 308 1620 Interpretum
327 1541 363 1604 iu
383 1539 404 1604 J
408 1559 448 1604 us
465 1540 704 1622 Pontificium,
724 1541 785 1606 nbi
814 1542 953 1624 ingenti
983 1543 1184 1608 eruditione

78 1647 251 1728 etmagna
280 1654 577 1730 argumentorum
611 1650 716 1733 copia
748 1649 839 1714 haec
869 1650 1184 1733 praestantissima

78 1749 231 1816 doctrina
248 1755 469 1836 explanatur
487 1759 597 1837 atque
614 1756 810 1822 evolvitur.

156 1859 229 1923 142.
278 1860 487 1926 Auctoritas
515 1861 771 1944 Apostolorum
805 1863 936 1946 inspici
970 1867 1090 1945 potest
1121 1864 1186 1930 rub

78 1963 199 2046 duplici
226 1975 410 2050 respectu,
429 1969 655 2054 stirpaturz'ter
681 1977 717 2033 et
735 1971 976 2056 collepiatitm
1007 1989 1188 2053 quaenam

1 2092 2 2099 ¹
79 2077 109 2133 et
124 2080 255 2154 quanta
273 2074 310 2137 in
326 2078 478 2158 utroque
497 2082 675 2159 conceptu
694 2076 764 2141 illis
782 2081 974 2160 competat,
994 2077 1097 2142 modo
1128 2078 1186 2143 de·

1 2189 2 2218 ³
76 2181 261 2258 terminare
275 2183 431 2263 oportet.
972 2183 975 2190 '

154 2285 399 2373 Stapatartter:
411 2287 577 2370 Apostoli
608 2289 811 2354 habuerunt
829 2308 975 2356 omnem·
999 2291 1099 2356 illam
1126 2308 1185 2355 au-

79 2393 284 2476 ctoritatem,
319 2412 390 2476 qua
416 2395 575 2476 gaudere
604 2395 786 2462 debebant
816 2403 940 2480 utpote
960 2399 1188 2483 lepatidiviai

1 2579 2 2582 Ἴ
79 2497 273 2566 immediate
289 2519 310 2564 a
328 2501 470 2566 Christo
487 2504 597 2573 missi:
615 2504 660 2566 ad
678 2504 881 2588 lepotiouem
899 2505 1188 2570 constituendam

1 2599 2 2608 ’
79 2607 139 2670 tria
156 2610 400 2692 requiruntur,
432 2609 583 2687 seilicet,
619 2610 814 2674 facultates
850 2612 1034 2695 (poderes),
1068 2613 1187 2678 missio

1 2787 2 2793 ,
81 2717 129 2800 (tiu
142 2735 164 2799 y
177 2719 299 2804 objeto)
315 2727 424 2800 atque
453 2718 697 2783 testimonium
714 2720 989 2800 (oredeacialeo);
1000 2721 1188 2803 hincApo-

80 2823 152 2888 stoli
171 2825 214 2888 ob
231 2826 433 2908 lepatioaem
448 2824 583 2907 triplici
598 2828 779 2908 potestate
794 2827 1014 2910 polluerunt,
1031 2832 1187 2910 potesta·

1 2969 2 2987 2
81 2933 109 2992 te
138 2933 345 2998 sacerdotali
363 2933 409 2996 ad
427 2931 688 2997 conficiendum
717 2933 940 2998 Sacrificium
958 2939 993 2998 et
1006 2933 1188 2998 remitten-

80 3034 118 3100 da
149 3048 313 3121 peccata;
334 3045 515 3123 potestate
534 3041 736 3125 episcopali,
757 3043 940 3107 ordinaria
956 3051 1189 3126 saupaatora-

1 3133 2 3192 ἲ
79 3143 111 3226 lt,
131 3163 220 3228 quae
237 3154 348 3212 totam
367 3146 510 3214 Ordinis
536 3152 755 3229 potestatem
774 3149 952 3232 simulque
972 3153 1190 3233 potestatem

82 3254 276 3330 peculiares
293 3254 477 3319 Ecclesiae
494 3255 644 3337 regendi
662 3273 706 3318 ac
720 3255 951 3336 gubernandi
976 3257 1191 3339 complecto·

1 3384 2 3388 ¹
82 3357 178 3424 batur
194 3361 260 3425 sub
290 3361 533 3444 dependentia
550 3361 584 3426 S.
605 3361 713 3442 Petri;
741 3361 895 3445 denique
913 3367 1093 3446 potestate
1109 3384 1190 3447 opo·

82 3467 203 3546 ciclica,
220 3470 518 3551 ecctruordiaaria,
532 3469 754 3534 constituente
768 3487 831 3533 seu
840 3471 1022 3554 personati
1033 3469 1078 3534 ad
1088 3486 1190 3552 prae·

84 3569 266 3638 dicandum
282 3574 520 3657 Evangelium
542 3575 671 3656 ubique
699 3580 890 3656 terrarum,
910 3575 955 3640 ad
971 3575 1188 3651 tundendas,

84 3677 287 3763 visitandas,
306 3681 812 3765 ordinandasquelicclesias‚
846 3683 891 3746 ad
923 3683 1023 3765 leges
1056 3683 1107 3748 eis
1141 3683 1190 3748 le-

84 3787 216 3870 reudas,
236 3807 378 3854 necnon
396 3790 441 3854 ad
456 3790 632 3856 creandos
647 3790 857 3874 Episcopos.

160 3896 230 3962 Sed
244 3915 314 3961 uon
332 3884 537 3962 habuerunt
550 3897 600 3961 uti
617 3899 745 3982 stupuit
762 3898 917 3980 spectati
936 3897 1191 3963 auctoritatem

85 3997 113 4063 iu
130 4004 369 4069 universalem
401 4004 615 4084 Ecclesiam3
634 4005 717 4069 hinc
735 4005 762 4089 ³)
793 4006 892 4087 leges
926 4023 991 4088 pro
1020 4005 1192 4070 universa

2 4144 3 4147 =
86 4103 239 4176 Ecclesia
270 4111 427 4176 condere
444 4129 516 4176 non
534 4116 742 4195 potueruut,
760 4113 828 4176 uisi
847 4129 892 4176 ex
910 4111 1035 4176 divina
1050 4111 1191 4177 revela·

87 4213 169 4284 tione
187 4235 250 4284 eas
266 4219 542 4303 promulgando;
575 4217 600 4300 l)
617 4237 689 4283 non
706 4219 851 4284 luerunt
870 4219 1113 4301 personaliter
1131 4237 1190 4284 ca·

89 4321 151 4398 uita
167 4330 204 4392 et
217 4330 380 4393 centrum
392 4343 538 4392 suarum
559 4327 804 4392 Ecclesiar'um
822 4333 1006 4409 tamquam
1037 4326 1190 4391 societa-
