3146 4980
591 403 769 462 -401-

116 545 331 612 Athanasius
349 547 562 612 etJoannes
592 545 882 629 Chrysostomus,
908 547 1008 629 Papa
1041 547 1230 630 Martinus

115 651 262 735 Magnus
280 653 449 718 Pontifex
466 652 501 718 S.
522 651 721 736 Gregorius
741 653 821 736 VII,
840 658 1008 717 strenuus
1026 671 1230 736 propugna-

115 762 167 822 tor
179 760 315 840 jurium
334 777 378 824 ac
412 760 593 824 libertatis
610 759 814 841 Ecclesiae,
848 761 1109 824 invictissimus
1142 761 1232 825 Tho·

115 881 186 929 mas
211 865 499 948 Cantuariensis,
519 872 555 929 et
572 867 766 931 recentiori
785 870 907 930 aetate
921 867 1065 931 inclitus
1083 864 1232 931 Cancel-

115 971 222 1036 larius
246 973 402 1055 Angliae
419 973 577 1036 Thomas
609 973 746 1054 Mooro,
776 973 911 1055 aliique
944 974 1022 1038 fere
1039 974 1230 1056 innumeri,

115 1097 261 1160 quorum
279 1080 477 1145 meminere
499 1081 660 1144 Annales
678 1080 940 1163 Ecclesiastici,
960 1099 1155 1165 eorumque
1172 1100 1233 1147 ve-

114 1187 272 1250 neranda
288 1188 434 1252 nomina
451 1189 485 1252 in
506 1188 807 1270 llartyrologium
825 1192 909 1254 sunt
922 1189 1054 1252 relata.

196 1293 276 1375 Age
291 1295 380 1376 jam,
399 1293 579 1376 Ecclesia,
595 1296 702 1377 juxta
720 1295 935 1377 Angelicum
951 1294 1161 1377 Ductorem,
1180 1314 1233 1360 er-

115 1401 183 1464 rori
200 1402 361 1466 obnoxia
379 1419 459 1466 esse
476 1402 614 1484 nequit,
629 1420 710 1467 oum
735 1401 910 1484 judicium
931 1403 1071 1484 profert
1084 1403 1128 1466 dc
1142 1421 1233 1469 mar-

115 1508 204 1588 tyrio
222 1508 374 1590 ejusque
393 1527 516 1573 causa:
536 1509 681 1591 quando
711 1508 822 1590 igitur
838 1514 983 1574 sanctos
1002 1509 1166 1572 declarat
1198 1514 1235 1573 ct

114 1615 296 1697 tamquam
310 1620 490 1696 martyres
517 1616 684 1696 agnoscit
701 1615 765 1678 hos
783 1615 943 1697 insignes
975 1620 1086 1679 testes
1103 1633 1147 1679 ac
1175 1615 1233 1679 de-

114 1720 275 1785 fensores
293 1722 567 1786 ecclesiasticae
585 1722 765 1785 libertatis
784 1727 821 1785 et
838 1739 966 1786 sacrae
982 1722 1233 1804 immunitatis,

115 1845 154 1890 eo
171 1829 251 1909 ipso
270 1827 385 1910 docet,
401 1829 527 1892 statuit
544 1833 580 1892 et
600 1829 761 1892 vindicat
775 1828 1002 1893 exclusivam
1030 1835 1234 1912 competen-

116 1935 197 1998 tiam
215 1941 253 1998 et
271 1936 493 2016 privativam
511 1935 779 2016 auctoritatem,
814 1952 886 2016 qua
918 1936 1058 2017 pollent
1084 1935 1236 2000 Romani

115 2039 318 2122 Pontifices,
334 2041 505 2124 Episcopi
520 2049 629 2124 atque
661 2041 903 2104 ecclesiastici
926 2041 1074 2106 Judices
1104 2041 1150 2105 ad
1178 2025 1234 2105 coss

116 2148 336 2228 gnoscenda,
353 2148 593 2229 discutienda,
603 2147 877 2228 dirimendaque
891 2165 935 2209 ea
949 2149 1069 2211 omnia
1083 2165 1176 2229 quae
1190 2147 1236 2210 ad

117 2254 289 2336 regimen,
322 2255 484 2336 politiam
503 2261 540 2319 ct
567 2261 757 2320 externam
793 2253 982 2318 Ecclesiae
1007 2254 1237 2336 disciplinam

117 2365 294 2442 spectant.

198 2467 254 2530 4.⁰
305 2465 591 2534 Condemnatione
622 2466 811 2531 doctrinae
840 2469 1060 2548 contrariam
1091 2471 1238 2549 praeter

116 2573 294 2654 speciales
312 2579 349 2638 et
366 2574 573 2638 notissimas
604 2571 888 2637 Constitutiones
916 2573 1136 2654 Pontificias,
1163 2577 1237 2657 qui-

116 2676 178 2743 bus
195 2681 370 2744 recensiti
388 2697 532 2744 errores
566 2685 675 2762 atque
709 2680 1005 2744 adversariorum
1038 2686 1238 2760 systemata

116 2786 313 2866 reprobata
326 2787 440 2868 fuere,
460 2787 548 2850 satis
565 2786 696 2850 sithoc
713 2786 793 2849 loco
823 2785 1005 2848 adducere
1036 2785 1124 2848 duas
1156 2805 1237 2867 pro-

116 2892 313 2973 positiones
331 2894 423 2957 thesi
439 2894 625 2957 stabilitae
643 2893 781 2956 directe
797 2893 1044 2974 repugnantes
1060 2896 1096 2955 et
1110 2892 1147 2955 in
1160 2891 1238 2974 Syl-

116 2998 197 3063 labo
234 3000 408 3081 explicite
437 2999 642 3063 damnatas:
675 2999 962 3064 XXXIII-Nora
989 2999 1140 3078 pertinet
1164 3003 1238 3064 urri-

117 3125 150 3169 ce
166 3107 216 3170 aci
244 3107 510 3171 ecclesiasticum
529 3107 793 3191 jurisdictionis
804 3113 1009 3190 potestatem
1021 3108 1171 3191 proprio
1199 3128 1240 3172 ac

118 3213 235 3278 nativo
269 3215 355 3298 jure
384 3214 538 3297 deripere
577 3211 844 3296 theolopicarum
882 3232 998 3276 rerum
1032 3213 1237 3277 doctrinam:

116 3315 403 3385 XLIV-ttrite
420 3321 611 3383 auctoritas
624 3326 733 3401 potest
749 3339 784 3382 ae
802 3321 993 3382 immiscere
1011 3321 1123 3398 rebus,
1155 3341 1240 3403 quae

117 3425 161 3488 od
176 3425 389 3509 relipioaem,
403 3447 513 3490 mores
531 3433 562 3490 ei
574 3427 724 3510 repimeo
739 3427 923 3509 spirituale
932 3428 1118 3508 pertinent.
1128 3474 1148 3488 ..

204 3531 283 3596 259.
331 3531 511 3596 Probatur
526 3531 577 3596 2?
593 3549 679 3613 pars
699 3531 823 3612 thosis,
842 3532 994 3595 scilicet:
1013 3533 1160 3615 Ideoque
1177 3531 1240 3595 Ec·

117 3639 330 3704 clesiasticae
348 3638 453 3724 Lepas
480 3639 727 3725 etPoutificioe
759 3636 1022 3704 Constitutioues
1050 3659 1118 3702 oon
1150 3639 1239 3702 iodi-

116 3753 194 3830 peut
206 3758 492 3809 sconerlrroun
505 3758 645 3808 rorum
662 3745 709 3808 ari
726 3745 795 3808 vim
813 3745 1041 3810 obtinendem.

206 3851 507 3935 Acceptationem
524 3850 650 3933 populi
668 3850 714 3914 ad
730 3851 895 3916 valorem
914 3851 1005 3931 legis
1034 3850 1241 3931 pontificiae

117 3959 462 4024 esseneoessariam
490 3957 655 4022 nonnulli
685 3956 873 4036 haeretici,
907 3955 1124 4037 praesertim
1153 3973 1241 4021 vero
1339 3962 1340 3965 ’

117 4063 339 4129 Ecbroniani
353 4070 389 4130 et
408 4063 429 4129 J
432 4065 640 4129 ansonistae
659 4080 701 4128 eo
719 4063 870 4127 consilio
900 4062 1073 4127 blaterati
1090 4067 1184 4145 sunt,
1205 4070 1244 4127 ut

119 4171 313 4253 quamdam
327 4171 645 4255 participationem
667 4187 730 4234 seu
744 4170 989 4234 interventum
1002 4170 1136 4252 populo
1150 4170 1243 4236 chri-

119 4279 239 4342 stiano
256 4277 294 4344 in
306 4277 483 4360 regimine
495 4275 684 4343 Ecclesiae
696 4277 950 4359 tribuerent,et
961 4277 1014 4341 ita
1027 4282 1242 4359 conceptum

1156 4382 1189 4434 ar
