3146 4980
820 384 998 442 -892-

347 545 386 593 re
403 527 562 592 faciendi
578 531 616 625 et
631 525 814 592 statuendi
844 527 981 609 absque
998 525 1224 608 subjectione
1256 526 1461 592 auctoritati

346 634 427 699 Dei.

436 739 672 822 Subiungitur
699 739 818 806 Status
850 739 897 804 ad
928 738 1202 822 significandam
1220 737 1460 803 differentiam

346 845 566 929 specificam,
596 864 669 929 qua
686 852 833 929 praeter
850 863 963 928 genus
990 847 1193 928 proximum
1217 851 1385 909 constare
1404 845 1459 908 de·

347 953 408 1017 bet
424 952 610 1034 quaelibet
636 959 739 1016 recta
762 950 934 1016 definitio:
964 958 1001 1016 et
1017 968 1106 1016 sane
1142 951 1322 1015 vocabulo
1349 949 1459 1016 Status

347 1058 606 1124 Liberalismus
638 1076 662 1122 a
690 1058 1003 1136 Protestantismo,
1022 1056 1280 1138 Naturalium,
1299 1057 1457 1121 Rationa-

347 1166 463 1247 lismo,
483 1171 519 1229 et
535 1164 843 1230 Indifferentismo
875 1165 1039 1248 practico
1072 1162 1316 1246 distinguitur;
1334 1165 1459 1228 etenim

347 1271 571 1337 haecomnia
589 1275 791 1352 systemata
805 1271 851 1336 de
867 1270 1164 1353 independentia,
1182 1271 1350 1336 absoluta
1365 1275 1457 1334 auto·

349 1377 525 1443 nomiaet
556 1379 666 1461 plena
694 1377 987 1460 emancipatione
1016 1377 1210 1458 disserunt,
1228 1378 1293 1442 sed
1322 1376 1457 1441 diverso

347 1501 456 1550 seusu
474 1487 673 1568 atquealio
706 1485 742 1548 in
772 1483 911 1548 ordine.
945 1485 1280 1566 Protcstantismus,
1310 1485 1458 1548 admissa

349 1589 1343 1674 christianarevelatione‚proclamatindcpcndentiam
1355 1589 1458 1654 homil

348 1699 404 1762 nis
421 1699 467 1762 ab
496 1701 715 1764 auctoritate
744 1699 952 1780 dogmatica
984 1715 1047 1762 seu
1080 1697 1233 1762 liberum
1262 1696 1458 1762 examcnin

350 1803 475 1868 ordine
491 1804 675 1888 religioso;
692 1803 722 1870 N
726 1804 958 1868 aturalismus
982 1825 1097 1888 puras
1112 1809 1175 1867 aut
1191 1803 1388 1882 absolutus,
1405 1819 1455 1866 ex-

349 1909 452 1974 clusa
469 1909 552 1974 idea
565 1917 601 1974 et
614 1910 761 1976 notione
774 1909 940 1992 Supremi
954 1909 1112 1974 omnium
1129 1907 1325 1988 Crantoris,
1341 1908 1457 1972 statuit

349 2015 669 2098 independentiam
686 2017 796 2082 etiem
813 2015 991 2081 individui
1003 2035 1025 2080 a
1045 2015 1120 2080 Deo
1135 2031 1199 2080 scu
1216 2016 1366 2080 liberum
1383 2033 1455 2080 exa·

348 2139 431 2188 men
445 2123 480 2188 in
499 2123 626 2188 ordine
643 2141 741 2188 mere
769 2124 943 2202 naturali;
963 2123 1245 2188 Rationalismus
1274 2123 1349 2187 sive
1365 2127 1454 2186 natu·

349 2229 723 2314 ralismusmitipatua,
753 2229 891 2310 chccta
918 2228 1015 2294 omni
1045 2229 1287 2308 revelatione,
1317 2227 1453 2292 adstruit

351 2335 669 2419 independentiam
703 2338 855 2402 rationis
883 2355 905 2400 a
934 2353 1161 2419 quacumque
1187 2332 1452 2402 auctoritatesd

350 2444 603 2524 inquirendam
636 2449 672 2508 et
700 2443 994 2526 cognoscendam
1012 2445 1206 2509 veritatem
1231 2461 1296 2508 seu
1319 2443 1452 2508 liberum

351 2567 506 2614 examen
516 2551 552 2614 in
570 2550 698 2616 ordine
715 2551 980 2634 philosophico;
995 2549 1325 2616 Indifferentiamus
1338 2547 1451 2632 practi-

352 2672 415 2720 cus
433 2655 595 2720 defendit
611 2657 934 2740 independentiam
959 2646 1160 2722 volu'utatis
1178 2657 1224 2720 ab
1243 2657 1339 2721 omni
1365 2671 1451 2736 regu·

352 2763 388 2828 la
404 2781 470 2846 pro
488 2765 630 2829 actibus
648 2765 837 2830 eliciendis
854 2783 918 2829 ssu
947 2765 1101 2830 liberum
1120 2777 1276 2830 examen
1293 2762 1453 2828 inordina

351 2872 493 2952 morali3
512 2872 773 2938 Liberalismus
797 2879 930 2954 autem,
951 2873 1141 2956 supposita
1166 2871 1236 2937 Dei
1264 2869 1452 2946 existentia,

352 2978 511 3044 admissa
528 2981 652 3044 divina
670 2981 910 3062 revelatione,
929 2990 1041 3064 atque
1065 2981 1192 3062 agnita
1208 2969 1319 3044 etiarn
1337 2979 1454 3058 obliga·

352 3084 450 3148 tione
463 3102 545 3150 sam
561 3085 806 3167 amplectendi
830 3085 952 3167 quoad
970 3086 1132 3167 singulos
1150 3085 1327 3167 homines,
1346 3082 1453 3148 adnit-

352 3191 396 3254 tit
426 3207 471 3255 ac
488 3196 608 3256 tuetur
628 3191 951 3275 independentiam
970 3209 1042 3258 non
1057 3191 1235 3257 individui
1250 3194 1288 3258 in
1300 3211 1339 3257 se
1354 3193 1453 3272 inspe·

353 3299 415 3380 cti,
434 3315 551 3380 neque
568 3299 749 3366 humanae
765 3300 917 3364 rationis
942 3300 1003 3364 vel
1031 3300 1243 3380 voluntatis,
1273 3300 1339 3365 sed
1359 3295 1453 3364 socie·

353 3407 440 3472 tatis
457 3406 586 3488 civilis,
605 3407 674 3472 hoc
689 3414 756 3488 est,
776 3407 969 3490 potestatis
984 3407 1154 3490 publicae
1166 3413 1204 3472 et
1218 3405 1342 3472 Status
1354 3403 1452 3489 politi·

353 3513 386 3576 ci
403 3513 450 3577 ab
468 3511 635 3576 Ecclesia
651 3513 712 3578 vel
728 3513 918 3595 Religione
934 3529 998 3578 seu
1023 3512 1177 3578 liberum
1193 3529 1349 3578 examen
1361 3513 1392 3576 in
1407 3524 1453 3572 or-

352 3618 587 3684 diuesociali.

442 3723 628 3806 Ejusmodi
641 3725 871 3792 Liberalismi
888 3731 1087 3807 conceptus
1103 3728 1215 3809 plane
1230 3726 1407 3809 colligitur
1417 3735 1453 3784 er

353 3830 521 3896 doctrina
538 3833 713 3914 explicita
728 3831 832 3898 Sedis
861 3833 1111 3915 Apostolicae;
1129 3833 1307 3916 siquidem
1324 3833 1399 3898 Pius
1412 3823 1454 3890 lX

353 3954 566 4016 germanam
584 3938 689 4020 hujus
722 3941 933 4020 systematis
965 3941 1219 4024 acceptionem
1234 3940 1390 4019 tradidit,
1406 3931 1454 3998 ubi

355 4043 640 4122 propositionem
653 4045 813 4112 XXXIX
828 4045 968 4128 Syllabi
997 4046 1200 4129 damnavit,
1233 4063 1329 4130 quae
1356 4047 1401 4110 ita
1422 4053 1454 4102 σθ

354 4145 477 4212 habet:
495 4150 717 4234 Reipublicae
748 4161 870 4235 statue,
887 4160 1001 4237 utpote
1016 4155 1169 4220 omnium
1173 4155 1315 4241 jttriam
1325 4153 1409 4236 oripo
1428 4149 1454 4210 al

354 4255 444 4336 foas,
453 4255 538 4340 jaro
555 4259 702 4340 quodam
708 4261 819 4344 pollet
831 4261 939 4326 uallis
952 4261 1191 4326 circumscrito
1206 4261 1384 4341 ammosa·
1394 4254 1453 4320 110⁰
