3024 4994
349 520 545 586 oramentis
564 524 600 586 et
613 521 796 586 nonnullis
813 520 894 586 aliis
911 520 1015 586 bonis
1033 519 1221 586 Ecclesiae
1258 521 1452 606 privabant;

349 629 556 712 temporales
578 627 623 694 ob
642 645 755 711 opera
787 628 925 694 directe
953 627 1128 710 aflictiva,
1158 634 1248 712 puta
1276 627 1452 712 jejunium,

349 733 583 817 abstinentia,
602 739 673 800 etc.
687 733 787 800 Finis
804 735 1111 819 poenitentiarum
1125 735 1260 820 triplex
1272 741 1337 818 est,
1354 757 1453 802 eorre-

348 844 510 912 ctionots's
527 840 646 926 quoad
658 841 948 908 emendationem
966 843 1031 926 rei,
1046 843 1307 930 satisfactorias
1319 849 1454 928 propter

348 951 594 1036 expiationem
611 951 809 1016 salutarem
827 953 969 1036 peccati
986 969 1110 1016 coram
1129 950 1220 1034 Deo,
1240 957 1277 1016 et
1297 951 1452 1036 exempla·

347 1061 399 1125 ris
416 1059 461 1124 ob
479 1058 749 1142 reparationem
766 1059 1012 1126 voluntariam
1025 1059 1163 1124 ordinis
1178 1059 1326 1124 socialis
1338 1057 1452 1124 schan-

348 1165 548 1231 dalclaesi.

436 1271 473 1338 Si
490 1272 648 1356 privatio
664 1272 748 1338 boni
758 1273 1030 1339 contumaciam
1045 1273 1171 1354 sontis,
1199 1253 1453 1358 impoenitentis

347 1383 383 1446 et
395 1379 639 1446 voluntariam
657 1381 946 1446 satisfactionem
960 1383 1070 1464 atque
1085 1379 1331 1446 obedientiam
1344 1379 1452 1444 Eccle-

347 1487 423 1554 siae
440 1486 639 1569 renuentis,
655 1487 826 1570 frangere
854 1487 993 1553 directe
1026 1489 1063 1552 et
1096 1487 1272 1570 primario
1289 1485 1451 1568 intendat,

347 1598 433 1660 tunc
449 1593 604 1660 babetur
622 1615 780 1678 censere,
800 1611 894 1678 quae
907 1595 1015 1677 juxta
1041 1594 1213 1659 eximium
1243 1592 1452 1672 Suarezium,

347 1706 414 1768 est:
427 1702 751 1788 poenaspiritsalt‘s
775 1709 807 1768 et
822 1701 1053 1782 medicinalis,
1075 1701 1227 1787 privans
1244 1722 1310 1766 ess
1337 1701 1452 1785 aliquo·

345 1809 675 1894 rumspire'tuolium
691 1809 864 1892 bonoram,
884 1829 952 1894 per
968 1808 1237 1874 ecclesiasticam
1264 1815 1453 1892 potestatem

346 1917 396 1982 t‘ta
427 1917 602 2001 impositu,
633 1923 670 1980 ut
698 1935 764 2000 pet·
795 1915 948 1982 eamdem
979 1916 1159 1981 ordinarie
1185 1915 1318 1980 absolvi
1343 1915 1453 2000 possit:

346 2025 454 2106 prout
471 2039 517 2088 ex
533 2021 741 2088 definitione
758 2022 889 2104 elucet,
908 2021 988 2086 fluis
1018 2037 1197 2087 censurae
1229 2021 1362 2105 duplex
1392 2025 1451 2100 est,

345 2131 510 2196 correctio
526 2129 578 2194 rei
596 2129 674 2212 ejus
692 2128 939 2212 pervicaciam
954 2121 1177 2194 conterendo
1194 2132 1231 2193 et
1260 2129 1452 2216 exemplari·

285 2236 289 2246 '
346 2235 987 2304 tassocicrumcaeterosscrimine
1014 2240 1052 2301 et
1089 2235 1335 2302 obstinatione
1350 2235 1451 2300 deter-
1501 2221 1502 2264 ³

349 2343 476 2410 nendo.

371 2515 381 2544 ,
434 2449 599 2534 Domum,
619 2451 648 2515 si
666 2449 827 2534 privatio
841 2448 927 2514 boni
941 2453 1127 2534 tamquam
1145 2450 1329 2533 obJectum
1356 2449 1451 2534 potis·

345 2559 473 2624 simum
491 2563 732 2643 persequatur
750 2558 975 2642 punitionem
994 2557 1118 2624 delicti
1134 2559 1195 2624 vel
1219 2558 1452 2624 defensionem

345 2665 544 2750 societatis,
564 2665 678 2731 oritur
695 2683 796 2730 mera
817 2685 946 2750 poena,
973 2664 1039 2730 sub
1073 2683 1145 2748 qua
1174 2664 1452 2730 denominatione
1500 2737 1501 2752 2

346 2771 459 2839 venit:
478 2773 629 2858 quaeest
648 2773 840 2838 vindictam
859 2772 911 2838 ael
927 2772 1050 2838 saltem
1077 2774 1375 2859 ecemploritatem
1397 2771 1452 2837 sibi
1500 2755 1501 2776 ἢ

339 2882 507 2968 proponit
524 2888 561 2947 et
569 2881 672 2968 finem
689 2880 870 2962 directam,
884 2879 1025 2964 ideoque
1045 2887 1076 2946 et
1093 2880 1294 2966 applicatur
1307 2881 1408 2946 incito
1427 2883 1452 2942 et

345 2987 564 3055 conversione
577 2987 810 3073 delinquentis
821 3007 889 3052 non
905 2987 1109 3070 remittitusu
1122 2985 1255 3052 dicitur
1283 2987 1319 3052 in
1343 2985 1450 3052 deflui·

345 3095 443 3158 tione
456 3094 509 3160 oei
524 3095 714 3160 vindictam
732 3094 786 3159 oct
802 3094 925 3159 saltem
941 3094 1251 3178 exemplaritatem,
1282 3093 1366 3178 quia
1393 3108 1451 3157 mc·

346 3217 410 3266 rae
427 3217 567 3284 poenae
596 3218 676 3266 esse
705 3205 860 3284 possunt
877 3199 1126 3266 vindicativae
1150 3204 1212 3266 aut
1236 3201 1450 3285 exemplares
1499 3261 1500 3272 ,

345 3325 411 3390 pro
426 3306 571 3371 diverso
588 3305 775 3372 societatis
789 3305 873 3385 fine;
893 3305 922 3370 si
941 3305 1035 3370 enim
1053 3306 1210 3371 societas
1235 3306 1374 3372 directe
1388 3311 1448 3370 tcn·
1499 3293 1500 3322 ³

345 3413 408 3480 dat
425 3413 470 3480 sd
487 3415 620 3478 bouum
637 3429 841 3495 commune,
861 3413 910 3478 uti
929 3413 1106 3496 contingit
1119 3414 1155 3478 in
1170 3413 1340 3479 civilibus
1352 3413 1449 3478 socie-

346 3521 492 3604 tatibus,
507 3539 607 3586 mera
632 3537 753 3604 poena
770 3519 1056 3585 vindicationem
1081 3519 1217 3586 ordinis
1251 3521 1380 3586 violati
1408 3520 1448 3582 in·

345 3631 471 3712 tandiu
492 3631 521 3696 si
537 3631 797 3696 verosoeietas
825 3629 958 3695 bonum
991 3628 1217 3695 individuale
1250 3644 1448 3714 promoven·

344 3737 427 3804 dum
446 3737 619 3821 primario
640 3741 750 3820 atque
766 3736 973 3802 immediate
996 3742 1111 3820 curet,
1144 3737 1247 3802 velut
1279 3738 1398 3804 evenit
1420 3733 1449 3797 in
1498 3753 1499 3828 ᾗ

345 3845 522 3927 Ecclesia,
542 3845 645 3927 cujtts
663 3845 742 3910 linis
760 3845 946 3929 proximus
963 3847 1000 3909 et
1016 3845 1175 3910 directus
1193 3845 1231 3910 in
1255 3847 1373 3912 salute
1389 3843 1448 3908 ani·

345 3969 483 4018 merum
501 3953 590 4017 situs
607 3955 674 4034 est,
694 3957 768 4016 tum
787 3969 908 4018 merse
926 3969 1066 4035 poenae
1081 3955 1267 4036 tamquam
1285 3953 1447 4037 objectum

345 4059 532 4140 proprium
550 4064 586 4123 et
603 4077 751 4142 scopum
777 4059 955 4124 directum
971 4059 1039 4124 sibi
1056 4060 1301 4140 praestituent
1313 4060 1446 4126 societa-
1497 4137 1498 4140 Ἴ

345 4169 390 4232 tis
416 4167 661 4234 defensionem
686 4187 750 4235 seu
780 4169 928 4234 tutelam
957 4167 1092 4234 ordinis
1120 4167 1282 4250 socialis,
1301 4177 1446 4252 praesen

345 4275 466 4342 vendo
485 4296 550 4363 per
567 4279 790 4362 punitionem
807 4277 1049 4362 delinquentis
1067 4279 1234 4344 caeteros
1258 4276 1446 4342 adsociatos
1497 4277 1498 4314 ³
